,index,bidSize_1,bidPrice_1,askPrice_1,askSize_1,bidSize_2,bidPrice_2,askPrice_2,askSize_2,bidSize_3,bidPrice_3,askPrice_3,askSize_3,bidSize_4,bidPrice_4,askPrice_4,askSize_4,bidSize_5,bidPrice_5,askPrice_5,askSize_5,lastPrice,difference,direction,same,up_trend,down_trend
1,2020-12-28 23:06:53.528062+00:00,26,3730.5,3730.75,6,33,3730.25,3731.0,44,41,3730.0,3731.25,23,25,3729.75,3731.5,58,35,3729.5,3731.75,82,3730.5,0.0,0,1,0,0
2,2020-12-28 23:07:08.815131+00:00,1,3730.75,3731.0,43,27,3730.5,3731.25,23,35,3730.25,3731.5,58,41,3730.0,3731.75,82,25,3729.75,3732.0,68,3730.75,-0.25,-1,0,0,1
3,2020-12-28 23:07:09.812131+00:00,7,3730.75,3731.0,43,25,3730.5,3731.25,20,38,3730.25,3731.5,58,39,3730.0,3731.75,82,25,3729.75,3732.0,68,3730.75,0.0,0,1,0,0
4,2020-12-28 23:07:20.604379+00:00,22,3730.75,3731.0,42,22,3730.5,3731.25,19,39,3730.25,3731.5,55,39,3730.0,3731.75,82,26,3729.75,3732.0,68,3730.75,0.0,0,1,0,0
5,2020-12-28 23:07:32.154443+00:00,28,3730.75,3731.0,23,10,3730.5,3731.25,20,39,3730.25,3731.5,55,37,3730.0,3731.75,82,26,3729.75,3732.0,69,3731.0,-0.25,-1,0,0,1
6,2020-12-28 23:07:37.261563+00:00,26,3730.75,3731.0,21,10,3730.5,3731.25,21,34,3730.25,3731.5,55,37,3730.0,3731.75,82,26,3729.75,3732.0,69,3730.75,0.25,1,0,1,0
7,2020-12-28 23:07:37.994076+00:00,25,3730.75,3731.0,21,10,3730.5,3731.25,21,34,3730.25,3731.5,55,37,3730.0,3731.75,82,26,3729.75,3732.0,69,3731.0,-0.25,-1,0,0,1
8,2020-12-28 23:07:40.098592+00:00,15,3730.75,3731.0,6,11,3730.5,3731.25,22,21,3730.25,3731.5,54,39,3730.0,3731.75,79,27,3729.75,3732.0,71,3731.0,0.0,0,1,0,0
9,2020-12-28 23:07:41.868134+00:00,10,3730.5,3730.75,2,21,3730.25,3731.0,11,39,3730.0,3731.25,24,27,3729.75,3731.5,54,37,3729.5,3731.75,79,3730.75,0.25,1,0,1,0
10,2020-12-28 23:07:49.885255+00:00,4,3730.75,3731.0,15,16,3730.5,3731.25,24,21,3730.25,3731.5,54,36,3730.0,3731.75,82,27,3729.75,3732.0,70,3730.75,0.0,0,1,0,0
11,2020-12-28 23:07:53.394345+00:00,7,3730.75,3731.0,13,16,3730.5,3731.25,23,20,3730.25,3731.5,54,36,3730.0,3731.75,82,27,3729.75,3732.0,70,3731.0,-0.25,-1,0,0,1
12,2020-12-28 23:07:53.724857+00:00,7,3730.75,3731.0,13,16,3730.5,3731.25,23,20,3730.25,3731.5,54,36,3730.0,3731.75,82,27,3729.75,3732.0,70,3730.75,0.25,1,0,1,0
13,2020-12-28 23:07:55.200371+00:00,12,3730.75,3731.0,1,21,3730.5,3731.25,22,20,3730.25,3731.5,54,38,3730.0,3731.75,79,27,3729.75,3732.0,70,3731.0,-0.25,-1,0,0,1
14,2020-12-28 23:07:55.498888+00:00,5,3731.0,3731.25,21,14,3730.75,3731.5,53,19,3730.5,3731.75,79,20,3730.25,3732.0,70,38,3730.0,3732.25,18,3731.0,0.0,0,1,0,0
15,2020-12-28 23:08:04.645469+00:00,15,3730.75,3731.0,8,23,3730.5,3731.25,21,19,3730.25,3731.5,56,38,3730.0,3731.75,79,30,3729.75,3732.0,70,3731.0,0.0,0,1,0,0
16,2020-12-28 23:08:15.165033+00:00,15,3730.75,3731.0,10,24,3730.5,3731.25,21,19,3730.25,3731.5,55,38,3730.0,3731.75,80,30,3729.75,3732.0,70,3731.0,0.0,0,1,0,0
17,2020-12-28 23:08:21.247643+00:00,45,3731.0,3731.25,21,15,3730.75,3731.5,50,25,3730.5,3731.75,79,19,3730.25,3732.0,70,38,3730.0,3732.25,18,3731.25,-0.25,-1,0,0,1
18,2020-12-28 23:08:22.446158+00:00,45,3731.0,3731.25,18,14,3730.75,3731.5,49,24,3730.5,3731.75,79,21,3730.25,3732.0,70,38,3730.0,3732.25,18,3731.25,0.0,0,1,0,0
19,2020-12-28 23:08:30.497255+00:00,42,3731.0,3731.25,20,14,3730.75,3731.5,49,23,3730.5,3731.75,79,21,3730.25,3732.0,70,38,3730.0,3732.25,18,3731.0,0.25,1,0,1,0
20,2020-12-28 23:08:35.106804+00:00,19,3731.0,3731.25,20,16,3730.75,3731.5,53,24,3730.5,3731.75,79,21,3730.25,3732.0,70,39,3730.0,3732.25,19,3731.0,0.0,0,1,0,0
21,2020-12-28 23:08:37.011327+00:00,19,3731.0,3731.25,22,16,3730.75,3731.5,52,24,3730.5,3731.75,79,21,3730.25,3732.0,70,39,3730.0,3732.25,19,3731.0,0.0,0,1,0,0
22,2020-12-28 23:08:45.401902+00:00,20,3731.0,3731.25,18,17,3730.75,3731.5,51,25,3730.5,3731.75,79,22,3730.25,3732.0,69,39,3730.0,3732.25,19,3731.25,-0.25,-1,0,0,1
23,2020-12-28 23:08:46.330702+00:00,23,3731.0,3731.25,13,17,3730.75,3731.5,51,23,3730.5,3731.75,79,20,3730.25,3732.0,69,39,3730.0,3732.25,19,3731.25,0.0,0,1,0,0
24,2020-12-28 23:08:49.272652+00:00,24,3731.0,3731.25,14,19,3730.75,3731.5,51,23,3730.5,3731.75,78,21,3730.25,3732.0,69,38,3730.0,3732.25,19,3731.25,0.0,0,1,0,0
25,2020-12-28 23:08:52.726713+00:00,23,3731.0,3731.25,20,18,3730.75,3731.5,51,23,3730.5,3731.75,78,21,3730.25,3732.0,69,38,3730.0,3732.25,19,3731.25,0.0,0,1,0,0
26,2020-12-28 23:09:04.436893+00:00,21,3731.0,3731.25,23,19,3730.75,3731.5,51,23,3730.5,3731.75,78,21,3730.25,3732.0,69,38,3730.0,3732.25,19,3731.25,0.0,0,1,0,0
27,2020-12-28 23:09:12.482111+00:00,19,3731.0,3731.25,26,18,3730.75,3731.5,53,28,3730.5,3731.75,78,22,3730.25,3732.0,69,38,3730.0,3732.25,19,3731.25,0.0,0,1,0,0
28,2020-12-28 23:09:27.107757+00:00,20,3731.0,3731.25,23,21,3730.75,3731.5,60,28,3730.5,3731.75,78,21,3730.25,3732.0,69,38,3730.0,3732.25,19,3731.25,0.0,0,1,0,0
29,2020-12-28 23:09:40.328851+00:00,21,3731.0,3731.25,26,20,3730.75,3731.5,60,28,3730.5,3731.75,78,21,3730.25,3732.0,69,38,3730.0,3732.25,20,3731.25,0.0,0,1,0,0
30,2020-12-28 23:09:55.253055+00:00,23,3731.0,3731.25,23,21,3730.75,3731.5,60,26,3730.5,3731.75,81,29,3730.25,3732.0,69,31,3730.0,3732.25,20,3731.25,0.0,0,1,0,0
31,2020-12-28 23:09:55.714973+00:00,3,3731.25,3731.5,30,23,3731.0,3731.75,81,21,3730.75,3732.0,69,26,3730.5,3732.25,20,29,3730.25,3732.5,92,3731.5,-0.25,-1,0,0,1
32,2020-12-28 23:10:03.450780+00:00,23,3731.0,3731.25,38,25,3730.75,3731.5,39,25,3730.5,3731.75,81,30,3730.25,3732.0,66,34,3730.0,3732.25,21,3731.25,0.25,1,0,1,0
33,2020-12-28 23:10:04.356781+00:00,23,3731.0,3731.25,38,25,3730.75,3731.5,39,25,3730.5,3731.75,81,30,3730.25,3732.0,66,34,3730.0,3732.25,21,3731.0,0.25,1,0,1,0
34,2020-12-28 23:10:09.758423+00:00,29,3730.75,3731.0,1,25,3730.5,3731.25,15,30,3730.25,3731.5,27,33,3730.0,3731.75,82,34,3729.75,3732.0,68,3731.0,0.0,0,1,0,0
35,2020-12-28 23:10:21.899604+00:00,8,3731.0,3731.25,12,30,3730.75,3731.5,28,26,3730.5,3731.75,82,30,3730.25,3732.0,68,33,3730.0,3732.25,22,3731.0,0.0,0,1,0,0
36,2020-12-28 23:10:35.022916+00:00,11,3731.0,3731.25,15,30,3730.75,3731.5,27,26,3730.5,3731.75,82,30,3730.25,3732.0,68,33,3730.0,3732.25,22,3731.0,0.0,0,1,0,0
37,2020-12-28 23:10:38.127428+00:00,10,3731.0,3731.25,14,30,3730.75,3731.5,27,26,3730.5,3731.75,82,30,3730.25,3732.0,67,33,3730.0,3732.25,22,3731.0,0.0,0,1,0,0
38,2020-12-28 23:10:43.336971+00:00,12,3731.0,3731.25,5,33,3730.75,3731.5,35,26,3730.5,3731.75,82,33,3730.25,3732.0,67,33,3730.0,3732.25,21,3731.25,-0.25,-1,0,0,1
39,2020-12-28 23:10:45.407167+00:00,14,3731.0,3731.25,6,33,3730.75,3731.5,39,30,3730.5,3731.75,82,32,3730.25,3732.0,67,32,3730.0,3732.25,21,3731.25,0.0,0,1,0,0
40,2020-12-28 23:10:55.029760+00:00,18,3731.0,3731.25,6,34,3730.75,3731.5,38,31,3730.5,3731.75,82,30,3730.25,3732.0,67,32,3730.0,3732.25,21,3731.25,0.0,0,1,0,0
41,2020-12-28 23:10:58.860795+00:00,17,3731.0,3731.25,6,34,3730.75,3731.5,39,31,3730.5,3731.75,82,30,3730.25,3732.0,67,32,3730.0,3732.25,21,3731.0,0.25,1,0,1,0
42,2020-12-28 23:11:01.670352+00:00,17,3731.0,3731.25,1,34,3730.75,3731.5,38,31,3730.5,3731.75,82,30,3730.25,3732.0,67,32,3730.0,3732.25,21,3731.0,0.0,0,1,0,0
43,2020-12-28 23:11:01.757865+00:00,17,3731.0,3731.25,1,34,3730.75,3731.5,38,31,3730.5,3731.75,82,30,3730.25,3732.0,67,32,3730.0,3732.25,21,3731.25,-0.25,-1,0,0,1
44,2020-12-28 23:11:05.038404+00:00,57,3731.25,3731.5,32,18,3731.0,3731.75,82,33,3730.75,3732.0,64,30,3730.5,3732.25,21,29,3730.25,3732.5,91,3731.5,-0.25,-1,0,0,1
45,2020-12-28 23:11:05.478403+00:00,57,3731.25,3731.5,30,18,3731.0,3731.75,82,32,3730.75,3732.0,64,30,3730.5,3732.25,21,29,3730.25,3732.5,91,3731.5,0.0,0,1,0,0
46,2020-12-28 23:11:10.188000+00:00,57,3731.25,3731.5,29,18,3731.0,3731.75,82,32,3730.75,3732.0,64,31,3730.5,3732.25,21,29,3730.25,3732.5,91,3731.5,0.0,0,1,0,0
47,2020-12-28 23:11:14.449025+00:00,57,3731.25,3731.5,24,18,3731.0,3731.75,81,32,3730.75,3732.0,64,33,3730.5,3732.25,21,29,3730.25,3732.5,91,3731.5,0.0,0,1,0,0
48,2020-12-28 23:11:17.372575+00:00,61,3731.25,3731.5,10,19,3731.0,3731.75,82,32,3730.75,3732.0,64,35,3730.5,3732.25,20,29,3730.25,3732.5,89,3731.5,0.0,0,1,0,0
49,2020-12-28 23:11:23.415273+00:00,60,3731.25,3731.5,11,19,3731.0,3731.75,82,32,3730.75,3732.0,64,35,3730.5,3732.25,25,29,3730.25,3732.5,88,3731.5,0.0,0,1,0,0
50,2020-12-28 23:11:30.792020+00:00,63,3731.25,3731.5,9,20,3731.0,3731.75,82,31,3730.75,3732.0,64,33,3730.5,3732.25,25,29,3730.25,3732.5,88,3731.5,0.0,0,1,0,0
51,2020-12-28 23:11:34.898073+00:00,59,3731.25,3731.5,16,21,3731.0,3731.75,82,32,3730.75,3732.0,64,33,3730.5,3732.25,24,29,3730.25,3732.5,89,3731.25,0.25,1,0,1,0
52,2020-12-28 23:11:35.639073+00:00,52,3731.25,3731.5,16,20,3731.0,3731.75,82,32,3730.75,3732.0,64,33,3730.5,3732.25,24,29,3730.25,3732.5,89,3731.25,0.0,0,1,0,0
53,2020-12-28 23:11:38.344207+00:00,53,3731.25,3731.5,13,20,3731.0,3731.75,82,32,3730.75,3732.0,64,33,3730.5,3732.25,24,29,3730.25,3732.5,89,3731.5,-0.25,-1,0,0,1
54,2020-12-28 23:11:40.923641+00:00,54,3731.25,3731.5,12,20,3731.0,3731.75,82,32,3730.75,3732.0,64,33,3730.5,3732.25,24,29,3730.25,3732.5,92,3731.25,0.25,1,0,1,0
55,2020-12-28 23:11:41.348641+00:00,52,3731.25,3731.5,12,20,3731.0,3731.75,82,32,3730.75,3732.0,64,33,3730.5,3732.25,24,29,3730.25,3732.5,92,3731.25,0.0,0,1,0,0
56,2020-12-28 23:11:48.642157+00:00,52,3731.25,3731.5,39,22,3731.0,3731.75,81,34,3730.75,3732.0,64,35,3730.5,3732.25,24,38,3730.25,3732.5,92,3731.5,-0.25,-1,0,0,1
57,2020-12-28 23:11:55.573156+00:00,53,3731.25,3731.5,39,30,3731.0,3731.75,81,34,3730.75,3732.0,65,35,3730.5,3732.25,24,29,3730.25,3732.5,93,3731.5,0.0,0,1,0,0
58,2020-12-28 23:12:01.684681+00:00,50,3731.25,3731.5,39,29,3731.0,3731.75,81,36,3730.75,3732.0,65,35,3730.5,3732.25,24,29,3730.25,3732.5,90,3731.25,0.25,1,0,1,0
59,2020-12-28 23:12:04.062873+00:00,46,3731.25,3731.5,37,29,3731.0,3731.75,81,36,3730.75,3732.0,65,35,3730.5,3732.25,24,29,3730.25,3732.5,90,3731.5,-0.25,-1,0,0,1
60,2020-12-28 23:12:08.094925+00:00,49,3731.25,3731.5,39,28,3731.0,3731.75,81,35,3730.75,3732.0,65,36,3730.5,3732.25,24,29,3730.25,3732.5,90,3731.5,0.0,0,1,0,0
61,2020-12-28 23:12:10.764905+00:00,47,3731.25,3731.5,37,29,3731.0,3731.75,81,30,3730.75,3732.0,65,36,3730.5,3732.25,24,29,3730.25,3732.5,90,3731.5,0.0,0,1,0,0
62,2020-12-28 23:12:16.609805+00:00,48,3731.25,3731.5,38,29,3731.0,3731.75,81,30,3730.75,3732.0,65,36,3730.5,3732.25,24,29,3730.25,3732.5,90,3731.5,0.0,0,1,0,0
63,2020-12-28 23:12:27.020785+00:00,50,3731.25,3731.5,41,30,3731.0,3731.75,81,30,3730.75,3732.0,65,39,3730.5,3732.25,24,26,3730.25,3732.5,90,3731.5,0.0,0,1,0,0
64,2020-12-28 23:12:33.609029+00:00,55,3731.25,3731.5,14,31,3731.0,3731.75,80,30,3730.75,3732.0,65,35,3730.5,3732.25,24,26,3730.25,3732.5,90,3731.5,0.0,0,1,0,0
65,2020-12-28 23:12:37.849547+00:00,52,3731.25,3731.5,24,31,3731.0,3731.75,79,30,3730.75,3732.0,65,35,3730.5,3732.25,24,26,3730.25,3732.5,90,3731.5,0.0,0,1,0,0
66,2020-12-28 23:12:39.955059+00:00,44,3731.25,3731.5,20,31,3731.0,3731.75,79,30,3730.75,3732.0,65,35,3730.5,3732.25,24,26,3730.25,3732.5,90,3731.25,0.25,1,0,1,0
67,2020-12-28 23:12:40.828578+00:00,13,3731.25,3731.5,17,31,3731.0,3731.75,80,30,3730.75,3732.0,65,35,3730.5,3732.25,24,26,3730.25,3732.5,90,3731.5,-0.25,-1,0,0,1
68,2020-12-28 23:12:45.137695+00:00,30,3731.0,3731.25,5,30,3730.75,3731.5,19,35,3730.5,3731.75,80,26,3730.25,3732.0,65,34,3730.0,3732.25,24,3731.25,0.25,1,0,1,0
69,2020-12-28 23:12:46.067215+00:00,29,3731.0,3731.25,17,28,3730.75,3731.5,18,33,3730.5,3731.75,80,26,3730.25,3732.0,65,34,3730.0,3732.25,24,3731.25,0.0,0,1,0,0
70,2020-12-28 23:12:50.073943+00:00,32,3731.0,3731.25,16,28,3730.75,3731.5,17,33,3730.5,3731.75,80,26,3730.25,3732.0,64,34,3730.0,3732.25,29,3731.0,0.25,1,0,1,0
71,2020-12-28 23:12:59.566717+00:00,32,3731.0,3731.25,17,26,3730.75,3731.5,18,34,3730.5,3731.75,75,18,3730.25,3732.0,64,34,3730.0,3732.25,29,3731.0,0.0,0,1,0,0
72,2020-12-28 23:13:04.369328+00:00,28,3731.0,3731.25,17,26,3730.75,3731.5,18,34,3730.5,3731.75,90,18,3730.25,3732.0,64,34,3730.0,3732.25,29,3731.0,0.0,0,1,0,0
73,2020-12-28 23:13:08.111869+00:00,32,3731.0,3731.25,5,26,3730.75,3731.5,17,35,3730.5,3731.75,90,18,3730.25,3732.0,64,38,3730.0,3732.25,29,3731.0,0.0,0,1,0,0
74,2020-12-28 23:13:12.321521+00:00,30,3731.0,3731.25,5,26,3730.75,3731.5,17,35,3730.5,3731.75,90,18,3730.25,3732.0,64,38,3730.0,3732.25,29,3731.0,0.0,0,1,0,0
75,2020-12-28 23:13:12.994521+00:00,2,3731.25,3731.5,17,34,3731.0,3731.75,90,27,3730.75,3732.0,64,35,3730.5,3732.25,29,18,3730.25,3732.5,91,3731.25,-0.25,-1,0,0,1
76,2020-12-28 23:13:17.837063+00:00,8,3731.25,3731.5,16,36,3731.0,3731.75,90,27,3730.75,3732.0,64,35,3730.5,3732.25,29,18,3730.25,3732.5,91,3731.5,-0.25,-1,0,0,1
77,2020-12-28 23:13:18.335062+00:00,10,3731.25,3731.5,14,38,3731.0,3731.75,90,27,3730.75,3732.0,64,35,3730.5,3732.25,29,18,3730.25,3732.5,91,3731.5,0.0,0,1,0,0
78,2020-12-28 23:13:22.540840+00:00,12,3731.25,3731.5,16,39,3731.0,3731.75,90,27,3730.75,3732.0,64,34,3730.5,3732.25,29,18,3730.25,3732.5,91,3731.5,0.0,0,1,0,0
79,2020-12-28 23:13:22.741356+00:00,12,3731.25,3731.5,16,39,3731.0,3731.75,90,27,3730.75,3732.0,64,34,3730.5,3732.25,29,18,3730.25,3732.5,91,3731.25,0.25,1,0,1,0
80,2020-12-28 23:13:29.752926+00:00,12,3731.25,3731.5,16,40,3731.0,3731.75,90,27,3730.75,3732.0,64,34,3730.5,3732.25,29,18,3730.25,3732.5,91,3731.25,0.0,0,1,0,0
81,2020-12-28 23:13:34.661485+00:00,12,3731.25,3731.5,15,39,3731.0,3731.75,92,27,3730.75,3732.0,64,34,3730.5,3732.25,29,18,3730.25,3732.5,91,3731.25,0.0,0,1,0,0
82,2020-12-28 23:13:40.171313+00:00,14,3731.25,3731.5,16,40,3731.0,3731.75,92,28,3730.75,3732.0,64,33,3730.5,3732.25,29,18,3730.25,3732.5,91,3731.25,0.0,0,1,0,0
83,2020-12-28 23:13:44.679987+00:00,38,3731.0,3731.25,1,28,3730.75,3731.5,17,35,3730.5,3731.75,94,18,3730.25,3732.0,64,39,3730.0,3732.25,29,3731.0,0.25,1,0,1,0
84,2020-12-28 23:13:45.582076+00:00,36,3731.0,3731.25,2,28,3730.75,3731.5,15,34,3730.5,3731.75,94,18,3730.25,3732.0,64,39,3730.0,3732.25,29,3731.0,0.0,0,1,0,0
85,2020-12-28 23:13:51.263126+00:00,34,3731.0,3731.25,8,29,3730.75,3731.5,15,34,3730.5,3731.75,94,18,3730.25,3732.0,64,40,3730.0,3732.25,29,3731.0,0.0,0,1,0,0
86,2020-12-28 23:13:54.990646+00:00,31,3730.75,3731.25,36,34,3730.5,3731.5,19,17,3730.25,3731.75,94,39,3730.0,3732.0,67,32,3729.75,3732.25,31,3731.0,0.0,0,1,0,0
87,2020-12-28 23:13:59.782923+00:00,31,3730.75,3731.0,7,34,3730.5,3731.25,36,17,3730.25,3731.5,24,39,3730.0,3731.75,94,32,3729.75,3732.0,67,3731.0,0.0,0,1,0,0
88,2020-12-28 23:14:03.286948+00:00,15,3731.0,3731.25,34,40,3730.75,3731.5,21,35,3730.5,3731.75,94,17,3730.25,3732.0,68,33,3730.0,3732.25,31,3731.0,0.0,0,1,0,0
89,2020-12-28 23:14:06.800462+00:00,10,3731.0,3731.25,35,40,3730.75,3731.5,21,35,3730.5,3731.75,94,17,3730.25,3732.0,68,33,3730.0,3732.25,31,3731.0,0.0,0,1,0,0
90,2020-12-28 23:14:11.135003+00:00,9,3731.0,3731.25,34,40,3730.75,3731.5,21,35,3730.5,3731.75,94,29,3730.25,3732.0,69,33,3730.0,3732.25,34,3731.0,0.0,0,1,0,0
91,2020-12-28 23:14:16.227167+00:00,7,3731.0,3731.25,35,41,3730.75,3731.5,21,35,3730.5,3731.75,97,29,3730.25,3732.0,69,33,3730.0,3732.25,31,3731.0,0.0,0,1,0,0
92,2020-12-28 23:14:22.253226+00:00,15,3731.0,3731.25,39,44,3730.75,3731.5,23,35,3730.5,3731.75,95,18,3730.25,3732.0,69,33,3730.0,3732.25,31,3731.0,0.0,0,1,0,0
93,2020-12-28 23:14:25.258257+00:00,18,3731.0,3731.25,36,45,3730.75,3731.5,23,35,3730.5,3731.75,95,18,3730.25,3732.0,69,33,3730.0,3732.25,31,3731.0,0.0,0,1,0,0
94,2020-12-28 23:14:33.371088+00:00,19,3731.0,3731.25,36,45,3730.75,3731.5,21,35,3730.5,3731.75,98,17,3730.25,3732.0,69,33,3730.0,3732.25,31,3731.0,0.0,0,1,0,0
95,2020-12-28 23:14:39.447586+00:00,44,3730.75,3731.25,37,35,3730.5,3731.5,21,17,3730.25,3731.75,98,33,3730.0,3732.0,69,32,3729.75,3732.25,31,3731.0,0.0,0,1,0,0
96,2020-12-28 23:14:41.047104+00:00,43,3730.75,3731.0,1,33,3730.5,3731.25,37,18,3730.25,3731.5,21,33,3730.0,3731.75,98,32,3729.75,3732.0,69,3730.75,0.25,1,0,1,0
97,2020-12-28 23:14:43.790133+00:00,45,3730.75,3731.25,38,34,3730.5,3731.5,21,17,3730.25,3731.75,98,33,3730.0,3732.0,69,32,3729.75,3732.25,31,3731.0,-0.25,-1,0,0,1
98,2020-12-28 23:14:46.673677+00:00,2,3731.0,3731.25,38,45,3730.75,3731.5,20,34,3730.5,3731.75,98,17,3730.25,3732.0,69,33,3730.0,3732.25,31,3731.0,0.0,0,1,0,0
99,2020-12-28 23:14:51.703705+00:00,11,3731.0,3731.25,36,45,3730.75,3731.5,20,34,3730.5,3731.75,97,17,3730.25,3732.0,69,33,3730.0,3732.25,31,3731.0,0.0,0,1,0,0
100,2020-12-28 23:14:59.085274+00:00,8,3731.0,3731.25,38,47,3730.75,3731.5,21,33,3730.5,3731.75,97,17,3730.25,3732.0,68,33,3730.0,3732.25,31,3731.0,0.0,0,1,0,0
101,2020-12-28 23:15:05.031305+00:00,11,3731.0,3731.25,35,47,3730.75,3731.5,21,35,3730.5,3731.75,95,17,3730.25,3732.0,69,33,3730.0,3732.25,39,3731.0,0.0,0,1,0,0
102,2020-12-28 23:15:08.840390+00:00,14,3731.0,3731.25,34,48,3730.75,3731.5,21,35,3730.5,3731.75,95,17,3730.25,3732.0,69,33,3730.0,3732.25,39,3731.0,0.0,0,1,0,0
103,2020-12-28 23:15:17.457968+00:00,13,3731.0,3731.25,36,46,3730.75,3731.5,21,35,3730.5,3731.75,97,17,3730.25,3732.0,67,34,3730.0,3732.25,39,3731.0,0.0,0,1,0,0
104,2020-12-28 23:15:20.244977+00:00,16,3731.0,3731.25,36,46,3730.75,3731.5,20,35,3730.5,3731.75,97,17,3730.25,3732.0,67,34,3730.0,3732.25,39,3731.25,-0.25,-1,0,0,1
105,2020-12-28 23:15:21.488007+00:00,19,3731.0,3731.25,29,44,3730.75,3731.5,20,36,3730.5,3731.75,97,17,3730.25,3732.0,67,34,3730.0,3732.25,39,3731.25,0.0,0,1,0,0
106,2020-12-28 23:15:21.966521+00:00,19,3731.0,3731.25,29,44,3730.75,3731.5,20,36,3730.5,3731.75,97,17,3730.25,3732.0,67,34,3730.0,3732.25,39,3731.0,0.25,1,0,1,0
107,2020-12-28 23:15:25.975550+00:00,15,3731.0,3731.25,33,44,3730.75,3731.5,21,37,3730.5,3731.75,97,17,3730.25,3732.0,67,34,3730.0,3732.25,39,3731.0,0.0,0,1,0,0
108,2020-12-28 23:15:27.865065+00:00,8,3731.0,3731.25,35,44,3730.75,3731.5,21,37,3730.5,3731.75,97,17,3730.25,3732.0,67,38,3730.0,3732.25,39,3731.25,-0.25,-1,0,0,1
109,2020-12-28 23:15:29.483097+00:00,12,3731.0,3731.25,28,44,3730.75,3731.5,21,37,3730.5,3731.75,97,17,3730.25,3732.0,67,38,3730.0,3732.25,39,3731.25,0.0,0,1,0,0
110,2020-12-28 23:15:33.851639+00:00,12,3731.0,3731.25,29,44,3730.75,3731.5,21,37,3730.5,3731.75,97,16,3730.25,3732.0,67,38,3730.0,3732.25,39,3731.0,0.25,1,0,1,0
111,2020-12-28 23:15:34.857152+00:00,9,3731.0,3731.25,30,44,3730.75,3731.5,21,37,3730.5,3731.75,97,16,3730.25,3732.0,67,38,3730.0,3732.25,39,3731.0,0.0,0,1,0,0
112,2020-12-28 23:15:42.710640+00:00,16,3731.0,3731.25,30,45,3730.75,3731.5,21,37,3730.5,3731.75,97,16,3730.25,3732.0,67,39,3730.0,3732.25,39,3731.0,0.0,0,1,0,0
113,2020-12-28 23:15:46.719428+00:00,18,3731.0,3731.25,29,45,3730.75,3731.5,21,39,3730.5,3731.75,97,16,3730.25,3732.0,67,39,3730.0,3732.25,39,3731.0,0.0,0,1,0,0
114,2020-12-28 23:16:01.457595+00:00,13,3731.0,3731.25,29,41,3730.75,3731.5,21,39,3730.5,3731.75,97,16,3730.25,3732.0,67,38,3730.0,3732.25,39,3731.0,0.0,0,1,0,0
115,2020-12-28 23:16:12.872015+00:00,25,3731.0,3731.25,25,43,3730.75,3731.5,22,40,3730.5,3731.75,98,17,3730.25,3732.0,68,39,3730.0,3732.25,40,3731.25,-0.25,-1,0,0,1
116,2020-12-28 23:16:22.372082+00:00,7,3731.0,3731.25,26,43,3730.75,3731.5,22,40,3730.5,3731.75,98,17,3730.25,3732.0,68,39,3730.0,3732.25,40,3731.0,0.25,1,0,1,0
117,2020-12-28 23:16:24.166594+00:00,11,3731.0,3731.25,30,42,3730.75,3731.5,23,40,3730.5,3731.75,98,17,3730.25,3732.0,68,39,3730.0,3732.25,40,3731.0,0.0,0,1,0,0
118,2020-12-28 23:16:28.101654+00:00,15,3731.0,3731.25,28,42,3730.75,3731.5,22,40,3730.5,3731.75,98,17,3730.25,3732.0,68,39,3730.0,3732.25,40,3731.0,0.0,0,1,0,0
119,2020-12-28 23:16:36.906776+00:00,20,3731.0,3731.25,30,45,3730.75,3731.5,22,40,3730.5,3731.75,98,17,3730.25,3732.0,68,38,3730.0,3732.25,38,3731.0,0.0,0,1,0,0
120,2020-12-28 23:16:37.482775+00:00,20,3731.0,3731.25,30,45,3730.75,3731.5,22,40,3730.5,3731.75,98,17,3730.25,3732.0,68,38,3730.0,3732.25,38,3731.25,-0.25,-1,0,0,1
121,2020-12-28 23:16:40.612802+00:00,20,3731.0,3731.25,26,45,3730.75,3731.5,22,40,3730.5,3731.75,98,17,3730.25,3732.0,68,38,3730.0,3732.25,38,3731.25,0.0,0,1,0,0
122,2020-12-28 23:16:47.009345+00:00,25,3731.0,3731.25,24,45,3730.75,3731.5,22,40,3730.5,3731.75,95,17,3730.25,3732.0,68,38,3730.0,3732.25,38,3731.0,0.25,1,0,1,0
123,2020-12-28 23:16:59.258801+00:00,26,3731.0,3731.25,25,45,3730.75,3731.5,22,40,3730.5,3731.75,95,17,3730.25,3732.0,68,38,3730.0,3732.25,38,3731.0,0.0,0,1,0,0
124,2020-12-28 23:17:01.634317+00:00,12,3731.25,3731.5,20,28,3731.0,3731.75,95,45,3730.75,3732.0,68,40,3730.5,3732.25,38,17,3730.25,3732.5,98,3731.25,-0.25,-1,0,0,1
125,2020-12-28 23:17:05.276855+00:00,17,3731.25,3731.5,21,20,3731.0,3731.75,95,45,3730.75,3732.0,65,40,3730.5,3732.25,38,20,3730.25,3732.5,98,3731.25,0.0,0,1,0,0
126,2020-12-28 23:17:05.479370+00:00,17,3731.25,3731.5,21,20,3731.0,3731.75,95,45,3730.75,3732.0,65,40,3730.5,3732.25,38,20,3730.25,3732.5,98,3731.5,-0.25,-1,0,0,1
127,2020-12-28 23:17:08.452908+00:00,21,3731.25,3731.5,21,20,3731.0,3731.75,96,47,3730.75,3732.0,65,40,3730.5,3732.25,38,20,3730.25,3732.5,98,3731.5,0.0,0,1,0,0
128,2020-12-28 23:17:10.830937+00:00,12,3731.0,3731.25,12,47,3730.75,3731.5,15,43,3730.5,3731.75,88,20,3730.25,3732.0,65,42,3730.0,3732.25,36,3731.0,0.5,1,0,1,0
129,2020-12-28 23:17:15.842997+00:00,14,3731.0,3731.25,16,43,3730.75,3731.5,21,40,3730.5,3731.75,82,20,3730.25,3732.0,65,40,3730.0,3732.25,39,3731.0,0.0,0,1,0,0
130,2020-12-28 23:17:17.981510+00:00,15,3731.0,3731.25,17,43,3730.75,3731.5,21,40,3730.5,3731.75,82,22,3730.25,3732.0,65,40,3730.0,3732.25,39,3731.0,0.0,0,1,0,0
131,2020-12-28 23:17:23.150058+00:00,10,3731.0,3731.25,22,42,3730.75,3731.5,22,40,3730.5,3731.75,82,22,3730.25,3732.0,65,40,3730.0,3732.25,39,3731.0,0.0,0,1,0,0
132,2020-12-28 23:17:23.849573+00:00,18,3731.0,3731.25,10,43,3730.75,3731.5,20,40,3730.5,3731.75,82,22,3730.25,3732.0,65,40,3730.0,3732.25,39,3731.25,-0.25,-1,0,0,1
133,2020-12-28 23:17:26.945603+00:00,12,3731.0,3731.25,17,43,3730.75,3731.5,22,40,3730.5,3731.75,82,22,3730.25,3732.0,65,40,3730.0,3732.25,39,3731.25,0.0,0,1,0,0
134,2020-12-28 23:17:27.645119+00:00,12,3731.0,3731.25,17,43,3730.75,3731.5,22,40,3730.5,3731.75,82,22,3730.25,3732.0,65,40,3730.0,3732.25,39,3731.0,0.25,1,0,1,0
135,2020-12-28 23:17:31.654665+00:00,16,3731.0,3731.25,16,43,3730.75,3731.5,22,40,3730.5,3731.75,82,22,3730.25,3732.0,65,40,3730.0,3732.25,39,3731.0,0.0,0,1,0,0
136,2020-12-28 23:17:38.083724+00:00,18,3731.0,3731.25,15,43,3730.75,3731.5,22,40,3730.5,3731.75,82,22,3730.25,3732.0,65,40,3730.0,3732.25,39,3731.0,0.0,0,1,0,0
137,2020-12-28 23:17:41.062236+00:00,23,3731.0,3731.5,20,43,3730.75,3731.75,82,43,3730.5,3732.0,65,22,3730.25,3732.25,39,40,3730.0,3732.5,95,3731.25,-0.25,-1,0,0,1
138,2020-12-28 23:17:45.296780+00:00,20,3731.0,3731.5,20,20,3731.0,3731.75,82,43,3730.75,3732.0,65,43,3730.5,3732.25,39,23,3730.25,3732.5,95,3731.25,0.0,0,1,0,0
139,2020-12-28 23:17:49.906092+00:00,21,3731.0,3731.25,7,41,3730.75,3731.5,21,40,3730.5,3731.75,82,23,3730.25,3732.0,65,40,3730.0,3732.25,39,3731.25,0.0,0,1,0,0
140,2020-12-28 23:17:56.201270+00:00,21,3731.0,3731.25,6,41,3730.75,3731.5,21,40,3730.5,3731.75,82,24,3730.25,3732.0,65,40,3730.0,3732.25,39,3731.25,0.0,0,1,0,0
141,2020-12-28 23:18:02.908228+00:00,20,3731.0,3731.25,7,43,3730.75,3731.5,21,38,3730.5,3731.75,82,24,3730.25,3732.0,65,40,3730.0,3732.25,39,3731.25,0.0,0,1,0,0
142,2020-12-28 23:18:14.950979+00:00,23,3731.0,3731.25,8,43,3730.75,3731.5,22,38,3730.5,3731.75,82,24,3730.25,3732.0,65,40,3730.0,3732.25,39,3731.0,0.25,1,0,1,0
143,2020-12-28 23:18:19.057979+00:00,23,3731.0,3731.25,10,44,3730.75,3731.5,22,37,3730.5,3731.75,82,24,3730.25,3732.0,65,40,3730.0,3732.25,39,3731.0,0.0,0,1,0,0
144,2020-12-28 23:18:27.838037+00:00,23,3731.0,3731.25,9,44,3730.75,3731.5,22,37,3730.5,3731.75,82,24,3730.25,3732.0,65,40,3730.0,3732.25,39,3731.25,-0.25,-1,0,0,1
145,2020-12-28 23:18:35.287558+00:00,20,3731.0,3731.5,28,44,3730.75,3731.75,83,37,3730.5,3732.0,65,24,3730.25,3732.25,39,40,3730.0,3732.5,95,3731.25,0.0,0,1,0,0
146,2020-12-28 23:18:38.664558+00:00,22,3731.0,3731.25,10,43,3730.75,3731.5,30,37,3730.5,3731.75,83,24,3730.25,3732.0,65,40,3730.0,3732.25,39,3731.0,0.25,1,0,1,0
147,2020-12-28 23:18:44.206081+00:00,16,3731.0,3731.25,12,44,3730.75,3731.5,30,37,3730.5,3731.75,83,24,3730.25,3732.0,65,40,3730.0,3732.25,39,3731.0,0.0,0,1,0,0
148,2020-12-28 23:18:45.896081+00:00,20,3731.0,3731.25,12,44,3730.75,3731.5,31,37,3730.5,3731.75,83,24,3730.25,3732.0,65,40,3730.0,3732.25,39,3731.25,-0.25,-1,0,0,1
149,2020-12-28 23:18:49.785081+00:00,21,3731.0,3731.25,10,44,3730.75,3731.5,31,37,3730.5,3731.75,83,24,3730.25,3732.0,65,40,3730.0,3732.25,39,3731.0,0.25,1,0,1,0
150,2020-12-28 23:18:58.708760+00:00,23,3731.0,3731.25,11,44,3730.75,3731.5,30,37,3730.5,3731.75,84,25,3730.25,3732.0,65,40,3730.0,3732.25,39,3731.0,0.0,0,1,0,0
151,2020-12-28 23:19:03.337001+00:00,18,3731.0,3731.25,12,43,3730.75,3731.5,31,37,3730.5,3731.75,85,25,3730.25,3732.0,65,40,3730.0,3732.25,39,3731.0,0.0,0,1,0,0
152,2020-12-28 23:19:17.830624+00:00,22,3731.0,3731.25,12,43,3730.75,3731.5,31,37,3730.5,3731.75,85,25,3730.25,3732.0,65,40,3730.0,3732.25,39,3731.0,0.0,0,1,0,0
153,2020-12-28 23:19:25.749202+00:00,1,3731.25,3731.5,29,34,3731.0,3731.75,85,33,3730.75,3732.0,65,37,3730.5,3732.25,39,25,3730.25,3732.5,95,3731.25,-0.25,-1,0,0,1
154,2020-12-28 23:19:25.954729+00:00,34,3731.0,3731.5,28,33,3730.75,3731.75,85,37,3730.5,3732.0,65,25,3730.25,3732.25,39,40,3730.0,3732.5,95,3731.25,0.0,0,1,0,0
155,2020-12-28 23:19:30.864294+00:00,1,3731.25,3731.5,30,35,3731.0,3731.75,85,33,3730.75,3732.0,65,37,3730.5,3732.25,39,25,3730.25,3732.5,95,3731.25,0.0,0,1,0,0
156,2020-12-28 23:19:35.895340+00:00,12,3731.25,3731.5,31,37,3731.0,3731.75,85,35,3730.75,3732.0,65,37,3730.5,3732.25,39,24,3730.25,3732.5,95,3731.25,0.0,0,1,0,0
157,2020-12-28 23:19:40.505358+00:00,35,3731.0,3731.25,11,35,3730.75,3731.5,31,37,3730.5,3731.75,85,24,3730.25,3732.0,65,40,3730.0,3732.25,39,3731.25,0.0,0,1,0,0
158,2020-12-28 23:19:42.508876+00:00,37,3731.0,3731.5,31,35,3730.75,3731.75,85,37,3730.5,3732.0,65,24,3730.25,3732.25,39,40,3730.0,3732.5,95,3731.25,0.0,0,1,0,0
159,2020-12-28 23:19:46.194235+00:00,6,3731.25,3731.5,31,38,3731.0,3731.75,85,34,3730.75,3732.0,65,37,3730.5,3732.25,39,24,3730.25,3732.5,95,3731.25,0.0,0,1,0,0
160,2020-12-28 23:19:53.531929+00:00,7,3731.25,3731.5,31,35,3731.0,3731.75,85,34,3730.75,3732.0,65,37,3730.5,3732.25,39,24,3730.25,3732.5,95,3731.25,0.0,0,1,0,0
161,2020-12-28 23:19:57.138929+00:00,33,3731.0,3731.25,6,34,3730.75,3731.5,31,37,3730.5,3731.75,85,24,3730.25,3732.0,66,40,3730.0,3732.25,39,3731.25,0.0,0,1,0,0
162,2020-12-28 23:20:00.571929+00:00,5,3731.25,3731.5,30,32,3731.0,3731.75,85,34,3730.75,3732.0,66,37,3730.5,3732.25,39,24,3730.25,3732.5,95,3731.25,0.0,0,1,0,0
163,2020-12-28 23:20:06.137443+00:00,10,3731.25,3731.5,28,34,3731.0,3731.75,85,34,3730.75,3732.0,66,36,3730.5,3732.25,39,23,3730.25,3732.5,95,3731.25,0.0,0,1,0,0
164,2020-12-28 23:20:30.462060+00:00,10,3731.25,3731.5,29,34,3731.0,3731.75,85,34,3730.75,3732.0,66,36,3730.5,3732.25,39,24,3730.25,3732.5,95,3731.25,0.0,0,1,0,0
165,2020-12-28 23:20:39.868769+00:00,10,3731.25,3731.5,19,34,3731.0,3731.75,85,34,3730.75,3732.0,66,36,3730.5,3732.25,39,24,3730.25,3732.5,95,3731.5,-0.25,-1,0,0,1
166,2020-12-28 23:20:40.378284+00:00,10,3731.25,3731.5,19,34,3731.0,3731.75,85,34,3730.75,3732.0,66,36,3730.5,3732.25,39,24,3730.25,3732.5,95,3731.25,0.25,1,0,1,0
167,2020-12-28 23:20:40.807285+00:00,12,3731.25,3731.5,22,35,3731.0,3731.75,85,34,3730.75,3732.0,66,36,3730.5,3732.25,39,24,3730.25,3732.5,95,3731.25,0.0,0,1,0,0
168,2020-12-28 23:20:44.813696+00:00,18,3731.25,3731.5,21,37,3731.0,3731.75,78,32,3730.75,3732.0,66,36,3730.5,3732.25,39,24,3730.25,3732.5,95,3731.25,0.0,0,1,0,0
169,2020-12-28 23:20:54.430604+00:00,18,3731.25,3731.5,19,37,3731.0,3731.75,78,32,3730.75,3732.0,66,36,3730.5,3732.25,39,24,3730.25,3732.5,95,3731.25,0.0,0,1,0,0
170,2020-12-28 23:20:59.002117+00:00,31,3731.25,3731.5,16,27,3731.0,3731.75,78,32,3730.75,3732.0,66,36,3730.5,3732.25,39,24,3730.25,3732.5,95,3731.5,-0.25,-1,0,0,1
171,2020-12-28 23:21:06.436034+00:00,29,3731.25,3731.5,11,27,3731.0,3731.75,78,32,3730.75,3732.0,66,36,3730.5,3732.25,39,24,3730.25,3732.5,95,3731.5,0.0,0,1,0,0
172,2020-12-28 23:21:07.427925+00:00,30,3731.25,3731.5,7,27,3731.0,3731.75,77,32,3730.75,3732.0,66,39,3730.5,3732.25,39,24,3730.25,3732.5,95,3731.5,0.0,0,1,0,0
173,2020-12-28 23:21:20.278656+00:00,29,3731.25,3731.5,10,27,3731.0,3731.75,77,33,3730.75,3732.0,67,39,3730.5,3732.25,39,24,3730.25,3732.5,95,3731.5,0.0,0,1,0,0
174,2020-12-28 23:21:27.167691+00:00,36,3731.25,3731.5,7,27,3731.0,3731.75,77,33,3730.75,3732.0,67,37,3730.5,3732.25,39,24,3730.25,3732.5,95,3731.25,0.25,1,0,1,0
175,2020-12-28 23:21:31.175889+00:00,33,3731.25,3731.5,10,28,3731.0,3731.75,77,33,3730.75,3732.0,67,37,3730.5,3732.25,39,24,3730.25,3732.5,95,3731.25,0.0,0,1,0,0
176,2020-12-28 23:21:38.588118+00:00,34,3731.25,3731.5,9,28,3731.0,3731.75,77,33,3730.75,3732.0,67,37,3730.5,3732.25,39,24,3730.25,3732.5,95,3731.5,-0.25,-1,0,0,1
177,2020-12-28 23:21:39.619636+00:00,34,3731.25,3731.5,5,28,3731.0,3731.75,77,33,3730.75,3732.0,67,37,3730.5,3732.25,39,24,3730.25,3732.5,95,3731.25,0.25,1,0,1,0
178,2020-12-28 23:21:41.593413+00:00,30,3731.25,3731.5,9,27,3731.0,3731.75,77,33,3730.75,3732.0,67,37,3730.5,3732.25,39,24,3730.25,3732.5,95,3731.25,0.0,0,1,0,0
179,2020-12-28 23:21:47.431438+00:00,26,3731.25,3731.5,14,27,3731.0,3731.75,78,33,3730.75,3732.0,67,37,3730.5,3732.25,39,24,3730.25,3732.5,95,3731.25,0.0,0,1,0,0
180,2020-12-28 23:21:51.302568+00:00,25,3731.25,3731.5,14,27,3731.0,3731.75,78,33,3730.75,3732.0,67,37,3730.5,3732.25,39,24,3730.25,3732.5,95,3731.5,-0.25,-1,0,0,1
181,2020-12-28 23:21:52.641594+00:00,30,3731.25,3731.5,10,27,3731.0,3731.75,78,33,3730.75,3732.0,67,37,3730.5,3732.25,39,24,3730.25,3732.5,95,3731.5,0.0,0,1,0,0
182,2020-12-28 23:22:01.019463+00:00,33,3731.25,3731.5,8,27,3731.0,3731.75,77,33,3730.75,3732.0,67,37,3730.5,3732.25,39,24,3730.25,3732.5,95,3731.5,0.0,0,1,0,0
183,2020-12-28 23:22:04.966041+00:00,24,3731.25,3731.5,10,27,3731.0,3731.75,78,33,3730.75,3732.0,67,37,3730.5,3732.25,39,24,3730.25,3732.5,95,3731.25,0.25,1,0,1,0
184,2020-12-28 23:22:10.577097+00:00,27,3731.25,3731.5,10,28,3731.0,3731.75,39,32,3730.75,3732.0,67,37,3730.5,3732.25,39,24,3730.25,3732.5,95,3731.25,0.0,0,1,0,0
185,2020-12-28 23:22:12.347631+00:00,29,3731.25,3731.75,51,32,3731.0,3732.0,66,32,3730.75,3732.25,39,37,3730.5,3732.5,95,24,3730.25,3732.75,37,3731.5,-0.25,-1,0,0,1
186,2020-12-28 23:22:13.347924+00:00,29,3731.25,3731.5,1,32,3731.0,3731.75,52,32,3730.75,3732.0,66,37,3730.5,3732.25,39,24,3730.25,3732.5,95,3731.5,0.0,0,1,0,0
187,2020-12-28 23:22:19.362505+00:00,28,3731.25,3731.5,9,32,3731.0,3731.75,52,32,3730.75,3732.0,66,37,3730.5,3732.25,39,24,3730.25,3732.5,95,3731.5,0.0,0,1,0,0
188,2020-12-28 23:22:22.174728+00:00,10,3731.5,3731.75,16,28,3731.25,3732.0,65,32,3731.0,3732.25,39,32,3730.75,3732.5,95,37,3730.5,3732.75,37,3731.75,-0.25,-1,0,0,1
189,2020-12-28 23:22:23.100256+00:00,16,3731.5,3731.75,16,31,3731.25,3732.0,66,32,3731.0,3732.25,36,32,3730.75,3732.5,96,37,3730.5,3732.75,36,3731.75,0.0,0,1,0,0
190,2020-12-28 23:22:25.803804+00:00,17,3731.5,3731.75,16,31,3731.25,3732.0,66,33,3731.0,3732.25,36,31,3730.75,3732.5,96,37,3730.5,3732.75,36,3731.5,0.25,1,0,1,0
191,2020-12-28 23:22:29.585834+00:00,26,3731.5,3731.75,16,23,3731.25,3732.0,66,34,3731.0,3732.25,36,32,3730.75,3732.5,96,37,3730.5,3732.75,36,3731.5,0.0,0,1,0,0
192,2020-12-28 23:22:37.124538+00:00,32,3731.5,3731.75,10,24,3731.25,3732.0,65,35,3731.0,3732.25,36,31,3730.75,3732.5,96,36,3730.5,3732.75,36,3731.5,0.0,0,1,0,0
193,2020-12-28 23:22:38.026053+00:00,32,3731.5,3731.75,10,24,3731.25,3732.0,65,35,3731.0,3732.25,36,31,3730.75,3732.5,96,36,3730.5,3732.75,36,3731.75,-0.25,-1,0,0,1
194,2020-12-28 23:22:41.832530+00:00,35,3731.5,3731.75,11,23,3731.25,3732.0,65,35,3731.0,3732.25,36,31,3730.75,3732.5,96,36,3730.5,3732.75,36,3731.5,0.25,1,0,1,0
195,2020-12-28 23:22:44.836562+00:00,43,3731.5,3731.75,10,22,3731.25,3732.0,65,30,3731.0,3732.25,36,31,3730.75,3732.5,96,36,3730.5,3732.75,36,3731.5,0.0,0,1,0,0
196,2020-12-28 23:22:51.850909+00:00,42,3731.5,3731.75,9,25,3731.25,3732.0,65,29,3731.0,3732.25,36,32,3730.75,3732.5,96,36,3730.5,3732.75,36,3731.5,0.0,0,1,0,0
197,2020-12-28 23:22:54.051423+00:00,39,3731.5,3731.75,11,26,3731.25,3732.0,65,28,3731.0,3732.25,36,32,3730.75,3732.5,96,36,3730.5,3732.75,36,3731.75,-0.25,-1,0,0,1
198,2020-12-28 23:22:56.056464+00:00,40,3731.5,3731.75,10,26,3731.25,3732.0,65,28,3731.0,3732.25,36,32,3730.75,3732.5,96,37,3730.5,3732.75,36,3731.75,0.0,0,1,0,0
199,2020-12-28 23:23:00.362211+00:00,38,3731.5,3731.75,16,26,3731.25,3732.0,65,28,3731.0,3732.25,36,32,3730.75,3732.5,96,37,3730.5,3732.75,36,3731.5,0.25,1,0,1,0
200,2020-12-28 23:23:02.468833+00:00,38,3731.5,3731.75,17,27,3731.25,3732.0,65,28,3731.0,3732.25,36,32,3730.75,3732.5,96,37,3730.5,3732.75,36,3731.5,0.0,0,1,0,0
201,2020-12-28 23:23:09.601713+00:00,39,3731.5,3731.75,17,26,3731.25,3732.0,65,28,3731.0,3732.25,36,31,3730.75,3732.5,96,37,3730.5,3732.75,36,3731.75,-0.25,-1,0,0,1
202,2020-12-28 23:23:16.138541+00:00,37,3731.5,3731.75,21,27,3731.25,3732.0,67,27,3731.0,3732.25,36,31,3730.75,3732.5,96,37,3730.5,3732.75,36,3731.5,0.25,1,0,1,0
203,2020-12-28 23:23:20.098001+00:00,39,3731.5,3731.75,16,28,3731.25,3732.0,66,26,3731.0,3732.25,36,31,3730.75,3732.5,96,37,3730.5,3732.75,36,3731.75,-0.25,-1,0,0,1
204,2020-12-28 23:23:22.072515+00:00,25,3731.5,3731.75,19,28,3731.25,3732.0,67,26,3731.0,3732.25,36,31,3730.75,3732.5,96,37,3730.5,3732.75,36,3731.5,0.25,1,0,1,0
205,2020-12-28 23:23:22.499515+00:00,23,3731.5,3731.75,19,28,3731.25,3732.0,67,26,3731.0,3732.25,36,31,3730.75,3732.5,96,37,3730.5,3732.75,36,3731.5,0.0,0,1,0,0
206,2020-12-28 23:23:27.507666+00:00,30,3731.5,3731.75,17,28,3731.25,3732.0,70,23,3731.0,3732.25,36,31,3730.75,3732.5,96,37,3730.5,3732.75,36,3731.5,0.0,0,1,0,0
207,2020-12-28 23:23:34.989578+00:00,29,3731.5,3731.75,21,28,3731.25,3732.0,70,23,3731.0,3732.25,36,31,3730.75,3732.5,96,37,3730.5,3732.75,36,3731.5,0.0,0,1,0,0
208,2020-12-28 23:23:39.431815+00:00,28,3731.25,3731.75,21,22,3731.0,3732.0,86,28,3730.75,3732.25,36,37,3730.5,3732.5,95,27,3730.25,3732.75,36,3731.5,0.0,0,1,0,0
209,2020-12-28 23:23:46.947382+00:00,28,3731.25,3731.75,21,22,3731.0,3732.0,86,30,3730.75,3732.25,36,37,3730.5,3732.5,95,27,3730.25,3732.75,37,3731.5,0.0,0,1,0,0
210,2020-12-28 23:24:00.269494+00:00,34,3731.25,3731.5,8,22,3731.0,3731.75,28,30,3730.75,3732.0,86,37,3730.5,3732.25,30,27,3730.25,3732.5,95,3731.25,0.25,1,0,1,0
211,2020-12-28 23:24:05.581211+00:00,29,3731.25,3731.5,9,24,3731.0,3731.75,27,28,3730.75,3732.0,86,37,3730.5,3732.25,30,27,3730.25,3732.5,95,3731.25,0.0,0,1,0,0
212,2020-12-28 23:24:14.579407+00:00,28,3731.25,3731.5,5,24,3731.0,3731.75,27,28,3730.75,3732.0,86,37,3730.5,3732.25,30,27,3730.25,3732.5,95,3731.25,0.0,0,1,0,0
213,2020-12-28 23:24:23.114752+00:00,1,3731.5,3731.75,25,32,3731.25,3732.0,86,24,3731.0,3732.25,30,28,3730.75,3732.5,95,37,3730.5,3732.75,36,3731.5,-0.25,-1,0,0,1
214,2020-12-28 23:24:27.724256+00:00,15,3731.5,3731.75,23,29,3731.25,3732.0,86,24,3731.0,3732.25,30,28,3730.75,3732.5,95,37,3730.5,3732.75,36,3731.5,0.0,0,1,0,0
215,2020-12-28 23:24:33.816488+00:00,27,3731.5,3731.75,20,25,3731.25,3732.0,85,24,3731.0,3732.25,30,27,3730.75,3732.5,95,37,3730.5,3732.75,36,3731.5,0.0,0,1,0,0
216,2020-12-28 23:24:45.636547+00:00,27,3731.5,3731.75,18,25,3731.25,3732.0,86,24,3731.0,3732.25,30,27,3730.75,3732.5,95,37,3730.5,3732.75,36,3731.75,-0.25,-1,0,0,1
217,2020-12-28 23:24:51.041771+00:00,31,3731.5,3731.75,23,24,3731.25,3732.0,86,24,3731.0,3732.25,30,30,3730.75,3732.5,95,37,3730.5,3732.75,36,3731.75,0.0,0,1,0,0
218,2020-12-28 23:24:53.572793+00:00,30,3731.5,3731.75,22,23,3731.25,3732.0,86,24,3731.0,3732.25,30,30,3730.75,3732.5,95,37,3730.5,3732.75,36,3731.5,0.25,1,0,1,0
219,2020-12-28 23:25:00.462007+00:00,23,3731.5,3731.75,28,25,3731.25,3732.0,88,24,3731.0,3732.25,29,30,3730.75,3732.5,95,37,3730.5,3732.75,36,3731.5,0.0,0,1,0,0
220,2020-12-28 23:25:08.900071+00:00,16,3731.5,3731.75,30,24,3731.25,3732.0,95,24,3731.0,3732.25,38,30,3730.75,3732.5,95,37,3730.5,3732.75,36,3731.5,0.0,0,1,0,0
221,2020-12-28 23:25:14.188321+00:00,17,3731.5,3731.75,22,24,3731.25,3732.0,96,24,3731.0,3732.25,38,30,3730.75,3732.5,95,37,3730.5,3732.75,36,3731.5,0.0,0,1,0,0
222,2020-12-28 23:25:22.426666+00:00,17,3731.5,3731.75,27,24,3731.25,3732.0,99,25,3731.0,3732.25,38,30,3730.75,3732.5,96,37,3730.5,3732.75,36,3731.5,0.0,0,1,0,0
223,2020-12-28 23:25:27.705720+00:00,16,3731.5,3731.75,30,24,3731.25,3732.0,99,25,3731.0,3732.25,38,30,3730.75,3732.5,96,37,3730.5,3732.75,36,3731.75,-0.25,-1,0,0,1
224,2020-12-28 23:25:28.104945+00:00,16,3731.5,3731.75,30,24,3731.25,3732.0,99,25,3731.0,3732.25,38,30,3730.75,3732.5,96,37,3730.5,3732.75,36,3731.5,0.25,1,0,1,0
225,2020-12-28 23:25:28.938460+00:00,5,3731.5,3731.75,31,22,3731.25,3732.0,99,25,3731.0,3732.25,38,30,3730.75,3732.5,96,37,3730.5,3732.75,37,3731.5,0.0,0,1,0,0
226,2020-12-28 23:25:31.728486+00:00,18,3731.5,3731.75,17,26,3731.25,3732.0,99,25,3731.0,3732.25,38,29,3730.75,3732.5,96,37,3730.5,3732.75,36,3731.75,-0.25,-1,0,0,1
227,2020-12-28 23:25:35.628513+00:00,23,3731.5,3731.75,16,28,3731.25,3732.0,99,25,3731.0,3732.25,38,29,3730.75,3732.5,96,37,3730.5,3732.75,36,3731.75,0.0,0,1,0,0
228,2020-12-28 23:25:40.431103+00:00,14,3731.5,3731.75,23,27,3731.25,3732.0,99,25,3731.0,3732.25,38,29,3730.75,3732.5,96,37,3730.5,3732.75,36,3731.5,0.25,1,0,1,0
229,2020-12-28 23:25:40.832631+00:00,10,3731.5,3731.75,23,27,3731.25,3732.0,96,25,3731.0,3732.25,38,29,3730.75,3732.5,96,37,3730.5,3732.75,36,3731.5,0.0,0,1,0,0
230,2020-12-28 23:25:43.027137+00:00,10,3731.5,3731.75,22,27,3731.25,3732.0,95,25,3731.0,3732.25,38,29,3730.75,3732.5,96,37,3730.5,3732.75,36,3731.75,-0.25,-1,0,0,1
231,2020-12-28 23:25:47.170170+00:00,13,3731.5,3731.75,20,27,3731.25,3732.0,95,25,3731.0,3732.25,38,29,3730.75,3732.5,96,37,3730.5,3732.75,36,3731.75,0.0,0,1,0,0
232,2020-12-28 23:25:52.534227+00:00,29,3731.5,3731.75,15,27,3731.25,3732.0,94,25,3731.0,3732.25,38,29,3730.75,3732.5,96,37,3730.5,3732.75,36,3731.5,0.25,1,0,1,0
233,2020-12-28 23:25:59.670278+00:00,35,3731.5,3731.75,16,25,3731.25,3732.0,94,26,3731.0,3732.25,38,29,3730.75,3732.5,96,37,3730.5,3732.75,36,3731.75,-0.25,-1,0,0,1
234,2020-12-28 23:26:08.490127+00:00,36,3731.5,3731.75,5,25,3731.25,3732.0,93,27,3731.0,3732.25,38,29,3730.75,3732.5,94,37,3730.5,3732.75,34,3731.75,0.0,0,1,0,0
235,2020-12-28 23:26:12.079643+00:00,30,3731.5,3731.75,19,25,3731.25,3732.0,94,27,3731.0,3732.25,38,29,3730.75,3732.5,94,38,3730.5,3732.75,34,3731.75,0.0,0,1,0,0
236,2020-12-28 23:26:19.430806+00:00,35,3731.5,3731.75,15,25,3731.25,3732.0,94,26,3731.0,3732.25,38,29,3730.75,3732.5,94,38,3730.5,3732.75,34,3731.75,0.0,0,1,0,0
237,2020-12-28 23:26:28.572401+00:00,36,3731.5,3731.75,10,26,3731.25,3732.0,94,26,3731.0,3732.25,38,29,3730.75,3732.5,94,38,3730.5,3732.75,34,3731.75,0.0,0,1,0,0
238,2020-12-28 23:26:35.640968+00:00,36,3731.5,3731.75,15,26,3731.25,3732.0,93,26,3731.0,3732.25,38,30,3730.75,3732.5,94,38,3730.5,3732.75,34,3731.75,0.0,0,1,0,0
239,2020-12-28 23:26:42.575021+00:00,36,3731.5,3731.75,15,25,3731.25,3732.0,93,26,3731.0,3732.25,38,30,3730.75,3732.5,94,38,3730.5,3732.75,32,3731.75,0.0,0,1,0,0
240,2020-12-28 23:26:46.862209+00:00,32,3731.5,3731.75,16,22,3731.25,3732.0,94,26,3731.0,3732.25,38,30,3730.75,3732.5,94,38,3730.5,3732.75,32,3731.5,0.25,1,0,1,0
241,2020-12-28 23:26:47.684724+00:00,32,3731.5,3731.75,16,22,3731.25,3732.0,94,26,3731.0,3732.25,38,30,3730.75,3732.5,94,38,3730.5,3732.75,32,3731.5,0.0,0,1,0,0
242,2020-12-28 23:26:47.761235+00:00,32,3731.5,3731.75,16,22,3731.25,3732.0,94,26,3731.0,3732.25,38,30,3730.75,3732.5,94,38,3730.5,3732.75,32,3731.75,-0.25,-1,0,0,1
243,2020-12-28 23:26:52.169022+00:00,29,3731.5,3731.75,16,21,3731.25,3732.0,93,26,3731.0,3732.25,38,30,3730.75,3732.5,94,38,3730.5,3732.75,33,3731.75,0.0,0,1,0,0
244,2020-12-28 23:27:01.710457+00:00,29,3731.5,3731.75,18,21,3731.25,3732.0,93,26,3731.0,3732.25,38,30,3730.75,3732.5,94,38,3730.5,3732.75,35,3731.5,0.25,1,0,1,0
245,2020-12-28 23:27:12.831298+00:00,29,3731.5,3731.75,19,20,3731.25,3732.0,93,26,3731.0,3732.25,38,30,3730.75,3732.5,94,38,3730.5,3732.75,35,3731.5,0.0,0,1,0,0
246,2020-12-28 23:27:18.323111+00:00,17,3731.25,3731.5,16,28,3731.0,3731.75,20,28,3730.75,3732.0,94,38,3730.5,3732.25,38,27,3730.25,3732.5,94,3731.5,0.0,0,1,0,0
247,2020-12-28 23:27:28.560195+00:00,17,3731.25,3731.5,18,28,3731.0,3731.75,20,28,3730.75,3732.0,94,38,3730.5,3732.25,38,27,3730.25,3732.5,94,3731.5,0.0,0,1,0,0
248,2020-12-28 23:27:35.172741+00:00,6,3731.25,3731.5,19,28,3731.0,3731.75,20,28,3730.75,3732.0,94,38,3730.5,3732.25,38,27,3730.25,3732.5,94,3731.25,0.25,1,0,1,0
249,2020-12-28 23:27:40.184787+00:00,17,3731.25,3731.5,16,27,3731.0,3731.75,20,28,3730.75,3732.0,94,38,3730.5,3732.25,38,27,3730.25,3732.5,94,3731.5,-0.25,-1,0,0,1
250,2020-12-28 23:27:47.100446+00:00,15,3731.25,3731.5,16,27,3731.0,3731.75,20,28,3730.75,3732.0,94,38,3730.5,3732.25,38,27,3730.25,3732.5,94,3731.25,0.25,1,0,1,0
251,2020-12-28 23:27:55.509261+00:00,21,3731.25,3731.5,16,26,3731.0,3731.75,20,28,3730.75,3732.0,94,38,3730.5,3732.25,38,27,3730.25,3732.5,94,3731.25,0.0,0,1,0,0
252,2020-12-28 23:28:02.897869+00:00,22,3731.25,3731.5,19,26,3731.0,3731.75,20,30,3730.75,3732.0,94,38,3730.5,3732.25,38,28,3730.25,3732.5,94,3731.25,0.0,0,1,0,0
253,2020-12-28 23:28:09.598390+00:00,22,3731.25,3731.5,12,27,3731.0,3731.75,20,29,3730.75,3732.0,94,38,3730.5,3732.25,38,28,3730.25,3732.5,94,3731.25,0.0,0,1,0,0
254,2020-12-28 23:28:17.845092+00:00,23,3731.25,3731.5,13,27,3731.0,3731.75,20,29,3730.75,3732.0,94,38,3730.5,3732.25,38,28,3730.25,3732.5,94,3731.25,0.0,0,1,0,0
255,2020-12-28 23:28:21.653635+00:00,22,3731.25,3731.5,14,27,3731.0,3731.75,20,29,3730.75,3732.0,94,38,3730.5,3732.25,38,28,3730.25,3732.5,94,3731.25,0.0,0,1,0,0
256,2020-12-28 23:28:29.565402+00:00,21,3731.25,3731.5,14,27,3731.0,3731.75,20,29,3730.75,3732.0,94,38,3730.5,3732.25,38,28,3730.25,3732.5,94,3731.5,-0.25,-1,0,0,1
257,2020-12-28 23:28:30.646917+00:00,6,3731.25,3731.5,20,27,3731.0,3731.75,20,29,3730.75,3732.0,94,38,3730.5,3732.25,38,28,3730.25,3732.5,94,3731.25,0.25,1,0,1,0
258,2020-12-28 23:28:32.868976+00:00,26,3731.0,3731.25,8,26,3730.75,3731.5,22,37,3730.5,3731.75,25,28,3730.25,3732.0,94,41,3730.0,3732.25,41,3731.25,0.0,0,1,0,0
259,2020-12-28 23:28:37.357004+00:00,1,3731.25,3731.5,23,27,3731.0,3731.75,25,26,3730.75,3732.0,94,37,3730.5,3732.25,41,28,3730.25,3732.5,96,3731.25,0.0,0,1,0,0
260,2020-12-28 23:28:43.386064+00:00,13,3731.25,3731.5,22,27,3731.0,3731.75,22,26,3730.75,3732.0,94,37,3730.5,3732.25,41,28,3730.25,3732.5,96,3731.25,0.0,0,1,0,0
261,2020-12-28 23:28:51.665594+00:00,14,3731.25,3731.5,21,28,3731.0,3731.75,23,26,3730.75,3732.0,94,37,3730.5,3732.25,41,28,3730.25,3732.5,96,3731.5,-0.25,-1,0,0,1
262,2020-12-28 23:28:55.888553+00:00,14,3731.5,3731.75,25,19,3731.25,3732.0,94,30,3731.0,3732.25,38,26,3730.75,3732.5,96,39,3730.5,3732.75,38,3731.5,0.0,0,1,0,0
263,2020-12-28 23:29:00.485553+00:00,17,3731.5,3731.75,24,20,3731.25,3732.0,94,32,3731.0,3732.25,38,28,3730.75,3732.5,96,39,3730.5,3732.75,38,3731.5,0.0,0,1,0,0
264,2020-12-28 23:29:04.451369+00:00,11,3731.5,3731.75,23,20,3731.25,3732.0,94,32,3731.0,3732.25,40,28,3730.75,3732.5,96,39,3730.5,3732.75,38,3731.5,0.0,0,1,0,0
265,2020-12-28 23:29:10.031951+00:00,20,3731.25,3731.5,3,32,3731.0,3731.75,24,28,3730.75,3732.0,94,39,3730.5,3732.25,40,28,3730.25,3732.5,96,3731.5,0.0,0,1,0,0
266,2020-12-28 23:29:14.692617+00:00,20,3731.25,3731.5,12,32,3731.0,3731.75,25,29,3730.75,3732.0,94,41,3730.5,3732.25,40,28,3730.25,3732.5,96,3731.5,0.0,0,1,0,0
267,2020-12-28 23:29:22.705184+00:00,18,3731.25,3731.5,16,32,3731.0,3731.75,25,29,3730.75,3732.0,94,41,3730.5,3732.25,40,28,3730.25,3732.5,96,3731.5,0.0,0,1,0,0
268,2020-12-28 23:29:34.329516+00:00,24,3731.25,3731.5,13,32,3731.0,3731.75,24,29,3730.75,3732.0,94,41,3730.5,3732.25,40,28,3730.25,3732.5,96,3731.25,0.25,1,0,1,0
269,2020-12-28 23:29:46.708060+00:00,26,3731.25,3731.5,14,33,3731.0,3731.75,26,29,3730.75,3732.0,94,41,3730.5,3732.25,38,28,3730.25,3732.5,96,3731.25,0.0,0,1,0,0
270,2020-12-28 23:29:55.841147+00:00,26,3731.25,3731.5,12,33,3731.0,3731.75,26,29,3730.75,3732.0,94,41,3730.5,3732.25,38,28,3730.25,3732.5,96,3731.25,0.0,0,1,0,0
271,2020-12-28 23:30:00.642026+00:00,11,3731.5,3731.75,24,26,3731.25,3732.0,94,33,3731.0,3732.25,38,29,3730.75,3732.5,96,41,3730.5,3732.75,39,3731.75,-0.5,-1,0,0,1
272,2020-12-28 23:30:01.634064+00:00,14,3731.5,3731.75,3,27,3731.25,3732.0,93,33,3731.0,3732.25,30,29,3730.75,3732.5,96,41,3730.5,3732.75,38,3731.75,0.0,0,1,0,0
273,2020-12-28 23:30:06.777628+00:00,16,3731.5,3731.75,14,30,3731.25,3732.0,101,32,3731.0,3732.25,30,36,3730.75,3732.5,94,41,3730.5,3732.75,37,3731.5,0.25,1,0,1,0
274,2020-12-28 23:30:12.086236+00:00,29,3731.25,3731.5,2,32,3731.0,3731.75,21,36,3730.75,3732.0,103,41,3730.5,3732.25,30,28,3730.25,3732.75,37,3731.5,0.0,0,1,0,0
275,2020-12-28 23:30:16.379778+00:00,26,3731.25,3731.5,14,32,3731.0,3731.75,23,36,3730.75,3732.0,103,41,3730.5,3732.25,30,28,3730.25,3732.5,94,3731.5,0.0,0,1,0,0
276,2020-12-28 23:30:22.795201+00:00,24,3731.25,3731.5,10,32,3731.0,3731.75,23,36,3730.75,3732.0,103,41,3730.5,3732.25,30,28,3730.25,3732.5,94,3731.25,0.25,1,0,1,0
277,2020-12-28 23:30:24.805243+00:00,27,3731.25,3731.5,8,32,3731.0,3731.75,23,36,3730.75,3732.0,103,41,3730.5,3732.25,30,28,3730.25,3732.5,94,3731.25,0.0,0,1,0,0
278,2020-12-28 23:30:28.013300+00:00,10,3731.5,3731.75,22,27,3731.25,3732.0,103,32,3731.0,3732.25,30,36,3730.75,3732.5,94,41,3730.5,3732.75,38,3731.5,-0.25,-1,0,0,1
279,2020-12-28 23:30:31.444850+00:00,10,3731.5,3731.75,21,28,3731.25,3732.0,103,33,3731.0,3732.25,30,36,3730.75,3732.5,94,41,3730.5,3732.75,38,3731.5,0.0,0,1,0,0
280,2020-12-28 23:30:37.311972+00:00,10,3731.5,3731.75,19,27,3731.25,3732.0,103,33,3731.0,3732.25,31,36,3730.75,3732.5,94,41,3730.5,3732.75,38,3731.5,0.0,0,1,0,0
281,2020-12-28 23:30:42.199029+00:00,22,3731.5,3731.75,13,23,3731.25,3732.0,102,33,3731.0,3732.25,31,36,3730.75,3732.5,94,41,3730.5,3732.75,38,3731.5,0.0,0,1,0,0
282,2020-12-28 23:30:49.700135+00:00,22,3731.5,3731.75,19,22,3731.25,3732.0,102,33,3731.0,3732.25,31,36,3730.75,3732.5,94,41,3730.5,3732.75,38,3731.5,0.0,0,1,0,0
283,2020-12-28 23:30:50.601163+00:00,30,3731.75,3732.0,102,24,3731.5,3732.25,31,22,3731.25,3732.5,94,33,3731.0,3732.75,38,36,3730.75,3733.0,114,3732.0,-0.5,-1,0,0,1
284,2020-12-28 23:30:56.547184+00:00,39,3731.75,3732.0,67,25,3731.5,3732.25,28,29,3731.25,3732.5,92,32,3731.0,3732.75,38,38,3730.75,3733.0,112,3732.0,0.0,0,1,0,0
285,2020-12-28 23:31:04.862639+00:00,40,3731.75,3732.0,67,20,3731.5,3732.25,28,29,3731.25,3732.5,92,32,3731.0,3732.75,38,38,3730.75,3733.0,113,3731.75,0.25,1,0,1,0
286,2020-12-28 23:31:07.839170+00:00,43,3731.75,3732.0,66,22,3731.5,3732.25,28,30,3731.25,3732.5,92,30,3731.0,3732.75,38,37,3730.75,3733.0,113,3732.0,-0.25,-1,0,0,1
287,2020-12-28 23:31:11.775292+00:00,45,3731.75,3732.0,64,21,3731.5,3732.25,29,30,3731.25,3732.5,92,30,3731.0,3732.75,38,37,3730.75,3733.0,113,3732.0,0.0,0,1,0,0
288,2020-12-28 23:31:19.291899+00:00,46,3731.75,3732.0,63,21,3731.5,3732.25,29,30,3731.25,3732.5,92,31,3731.0,3732.75,38,41,3730.75,3733.0,112,3732.0,0.0,0,1,0,0
289,2020-12-28 23:31:29.307988+00:00,47,3731.75,3732.0,64,21,3731.5,3732.25,29,28,3731.25,3732.5,92,31,3731.0,3732.75,38,41,3730.75,3733.0,112,3731.75,0.25,1,0,1,0
290,2020-12-28 23:31:37.063527+00:00,47,3731.75,3732.0,64,22,3731.5,3732.25,28,28,3731.25,3732.5,92,31,3731.0,3732.75,38,41,3730.75,3733.0,111,3732.0,-0.25,-1,0,0,1
291,2020-12-28 23:31:38.827554+00:00,48,3731.75,3732.0,12,22,3731.5,3732.25,28,28,3731.25,3732.5,92,31,3731.0,3732.75,38,41,3730.75,3733.0,111,3732.0,0.0,0,1,0,0
292,2020-12-28 23:31:46.245129+00:00,46,3731.75,3732.0,10,22,3731.5,3732.25,29,28,3731.25,3732.5,92,34,3731.0,3732.75,38,41,3730.75,3733.0,111,3732.0,0.0,0,1,0,0
293,2020-12-28 23:31:55.258687+00:00,47,3731.75,3732.0,8,22,3731.5,3732.25,29,26,3731.25,3732.5,92,34,3731.0,3732.75,38,41,3730.75,3733.0,111,3732.0,0.0,0,1,0,0
294,2020-12-28 23:32:03.337253+00:00,25,3731.25,3731.75,36,30,3731.0,3732.0,22,41,3730.75,3732.25,34,42,3730.5,3732.5,94,27,3730.25,3732.75,40,3731.5,0.5,1,0,1,0
295,2020-12-28 23:32:08.580520+00:00,22,3731.25,3731.5,2,32,3731.0,3731.75,40,41,3730.75,3732.0,22,42,3730.5,3732.25,50,27,3730.25,3732.5,94,3731.5,0.0,0,1,0,0
296,2020-12-28 23:32:12.587548+00:00,12,3731.25,3731.5,14,32,3731.0,3731.75,42,41,3730.75,3732.0,25,40,3730.5,3732.25,50,27,3730.25,3732.5,94,3731.5,0.0,0,1,0,0
297,2020-12-28 23:32:15.254062+00:00,31,3731.0,3731.25,4,41,3730.75,3731.5,15,40,3730.5,3731.75,42,27,3730.25,3732.0,25,38,3730.0,3732.25,50,3731.25,0.25,1,0,1,0
298,2020-12-28 23:32:17.897578+00:00,12,3731.25,3731.5,13,31,3731.0,3731.75,43,40,3730.75,3732.0,27,32,3730.5,3732.25,52,27,3730.25,3732.5,96,3731.25,0.0,0,1,0,0
299,2020-12-28 23:32:23.806349+00:00,12,3731.25,3731.5,14,30,3731.0,3731.75,43,40,3730.75,3732.0,27,32,3730.5,3732.25,52,27,3730.25,3732.5,96,3731.25,0.0,0,1,0,0
300,2020-12-28 23:32:26.189859+00:00,28,3731.0,3731.25,14,39,3730.75,3731.5,17,34,3730.5,3731.75,46,27,3730.25,3732.0,27,38,3730.0,3732.25,52,3731.0,0.25,1,0,1,0
301,2020-12-28 23:32:28.393017+00:00,28,3731.0,3731.25,8,39,3730.75,3731.5,16,34,3730.5,3731.75,23,27,3730.25,3732.0,27,38,3730.0,3732.25,52,3731.25,-0.25,-1,0,0,1
302,2020-12-28 23:32:29.919530+00:00,28,3731.0,3731.25,11,39,3730.75,3731.5,16,35,3730.5,3731.75,23,27,3730.25,3732.0,27,38,3730.0,3732.25,52,3731.25,0.0,0,1,0,0
303,2020-12-28 23:32:29.986531+00:00,28,3731.0,3731.25,11,39,3730.75,3731.5,16,35,3730.5,3731.75,23,27,3730.25,3732.0,27,38,3730.0,3732.25,52,3731.0,0.25,1,0,1,0
304,2020-12-28 23:32:30.920531+00:00,21,3731.0,3731.25,14,39,3730.75,3731.5,16,35,3730.5,3731.75,23,27,3730.25,3732.0,27,38,3730.0,3732.25,52,3731.25,-0.25,-1,0,0,1
305,2020-12-28 23:32:32.325530+00:00,37,3730.75,3731.0,6,35,3730.5,3731.25,13,27,3730.25,3731.5,18,38,3730.0,3731.75,23,38,3729.75,3732.0,27,3731.0,0.25,1,0,1,0
306,2020-12-28 23:32:33.395531+00:00,34,3730.75,3731.0,13,35,3730.5,3731.25,15,23,3730.25,3731.5,24,38,3730.0,3731.75,23,35,3729.75,3732.0,30,3731.0,0.0,0,1,0,0
307,2020-12-28 23:32:38.425512+00:00,34,3730.75,3731.0,9,35,3730.5,3731.25,15,25,3730.25,3731.5,24,38,3730.0,3731.75,23,35,3729.75,3732.0,51,3731.0,0.0,0,1,0,0
308,2020-12-28 23:32:45.119524+00:00,32,3730.75,3731.0,11,35,3730.5,3731.25,16,25,3730.25,3731.5,24,38,3730.0,3731.75,23,35,3729.75,3732.0,30,3730.75,0.25,1,0,1,0
309,2020-12-28 23:32:45.264522+00:00,37,3730.75,3731.0,2,35,3730.5,3731.25,16,22,3730.25,3731.5,24,38,3730.0,3731.75,23,35,3729.75,3732.0,30,3731.0,-0.25,-1,0,0,1
310,2020-12-28 23:32:48.181037+00:00,37,3730.75,3731.0,4,35,3730.5,3731.25,17,22,3730.25,3731.5,24,38,3730.0,3731.75,23,35,3729.75,3732.0,30,3731.0,0.0,0,1,0,0
311,2020-12-28 23:32:55.167081+00:00,17,3731.0,3731.25,15,46,3730.75,3731.5,22,35,3730.5,3731.75,23,22,3730.25,3732.0,30,37,3730.0,3732.25,54,3731.0,0.0,0,1,0,0
312,2020-12-28 23:32:56.236082+00:00,23,3731.0,3731.25,2,43,3730.75,3731.5,18,35,3730.5,3731.75,23,21,3730.25,3732.0,30,42,3730.0,3732.25,53,3731.25,-0.25,-1,0,0,1
313,2020-12-28 23:32:58.173596+00:00,22,3731.0,3731.25,9,46,3730.75,3731.5,18,35,3730.5,3731.75,23,24,3730.25,3732.0,27,42,3730.0,3732.25,53,3731.25,0.0,0,1,0,0
314,2020-12-28 23:33:01.451163+00:00,7,3731.25,3731.5,18,17,3731.0,3731.75,23,46,3730.75,3732.0,27,36,3730.5,3732.25,53,26,3730.25,3732.5,101,3731.25,0.0,0,1,0,0
315,2020-12-28 23:33:06.150675+00:00,17,3731.0,3731.25,5,48,3730.75,3731.5,17,35,3730.5,3731.75,23,25,3730.25,3732.0,27,44,3730.0,3732.25,55,3731.25,0.0,0,1,0,0
316,2020-12-28 23:33:08.547697+00:00,44,3730.75,3731.25,20,35,3730.5,3731.5,20,25,3730.25,3731.75,25,44,3730.0,3732.0,27,35,3729.75,3732.25,55,3731.0,0.25,1,0,1,0
317,2020-12-28 23:33:10.364716+00:00,44,3730.75,3731.25,20,35,3730.5,3731.5,20,27,3730.25,3731.75,25,44,3730.0,3732.0,27,35,3729.75,3732.25,55,3731.0,0.0,0,1,0,0
318,2020-12-28 23:33:15.274465+00:00,9,3731.0,3731.25,19,48,3730.75,3731.5,20,36,3730.5,3731.75,25,25,3730.25,3732.0,27,44,3730.0,3732.25,55,3731.0,0.0,0,1,0,0
319,2020-12-28 23:33:21.586995+00:00,11,3731.0,3731.25,19,43,3730.75,3731.5,20,36,3730.5,3731.75,26,25,3730.25,3732.0,27,45,3730.0,3732.25,55,3731.0,0.0,0,1,0,0
320,2020-12-28 23:33:23.666531+00:00,9,3731.0,3731.25,19,43,3730.75,3731.5,20,35,3730.5,3731.75,26,25,3730.25,3732.0,27,45,3730.0,3732.25,55,3731.0,0.0,0,1,0,0
321,2020-12-28 23:33:25.660047+00:00,26,3731.0,3731.25,2,36,3730.75,3731.5,19,35,3730.5,3731.75,26,25,3730.25,3732.0,27,45,3730.0,3732.25,55,3731.25,-0.25,-1,0,0,1
322,2020-12-28 23:33:27.785561+00:00,26,3731.0,3731.5,19,36,3730.75,3731.75,26,35,3730.5,3732.0,27,25,3730.25,3732.25,55,45,3730.0,3732.5,100,3731.25,0.0,0,1,0,0
323,2020-12-28 23:33:36.083152+00:00,13,3731.0,3731.25,14,35,3730.75,3731.5,20,35,3730.5,3731.75,26,25,3730.25,3732.0,27,45,3730.0,3732.25,55,3731.0,0.25,1,0,1,0
324,2020-12-28 23:33:39.194180+00:00,3,3731.25,3731.5,19,29,3731.0,3731.75,26,36,3730.75,3732.0,27,35,3730.5,3732.25,55,25,3730.25,3732.5,100,3731.25,-0.25,-1,0,0,1
325,2020-12-28 23:33:40.528694+00:00,9,3731.25,3731.5,17,30,3731.0,3731.75,24,38,3730.75,3732.0,27,35,3730.5,3732.25,55,25,3730.25,3732.5,101,3731.25,0.0,0,1,0,0
326,2020-12-28 23:33:43.893732+00:00,4,3731.25,3731.5,19,30,3731.0,3731.75,24,38,3730.75,3732.0,27,34,3730.5,3732.25,55,25,3730.25,3732.5,100,3731.25,0.0,0,1,0,0
327,2020-12-28 23:33:48.835982+00:00,16,3731.25,3731.5,16,18,3731.0,3731.75,24,39,3730.75,3732.0,27,33,3730.5,3732.25,55,25,3730.25,3732.5,101,3731.25,0.0,0,1,0,0
328,2020-12-28 23:33:53.679551+00:00,22,3731.0,3731.25,1,39,3730.75,3731.5,20,33,3730.5,3731.75,24,25,3730.25,3732.0,27,46,3730.0,3732.25,55,3731.25,0.0,0,1,0,0
329,2020-12-28 23:34:01.834206+00:00,22,3731.0,3731.25,2,39,3730.75,3731.5,20,34,3730.5,3731.75,26,25,3730.25,3732.0,27,46,3730.0,3732.25,55,3731.25,0.0,0,1,0,0
330,2020-12-28 23:34:04.892746+00:00,11,3731.25,3731.5,15,21,3731.0,3731.75,24,39,3730.75,3732.0,27,34,3730.5,3732.25,55,25,3730.25,3732.5,101,3731.25,0.0,0,1,0,0
331,2020-12-28 23:34:10.254797+00:00,10,3731.25,3731.5,16,20,3731.0,3731.75,24,40,3730.75,3732.0,27,34,3730.5,3732.25,55,25,3730.25,3732.5,101,3731.25,0.0,0,1,0,0
332,2020-12-28 23:34:10.334312+00:00,10,3731.25,3731.5,16,20,3731.0,3731.75,24,40,3730.75,3732.0,27,34,3730.5,3732.25,55,25,3730.25,3732.5,101,3731.5,-0.25,-1,0,0,1
333,2020-12-28 23:34:18.781853+00:00,9,3731.25,3731.5,16,20,3731.0,3731.75,24,40,3730.75,3732.0,27,34,3730.5,3732.25,53,25,3730.25,3732.5,101,3731.25,0.25,1,0,1,0
334,2020-12-28 23:34:19.650381+00:00,16,3731.25,3731.5,11,21,3731.0,3731.75,24,40,3730.75,3732.0,27,34,3730.5,3732.25,53,25,3730.25,3732.5,101,3731.5,-0.25,-1,0,0,1
335,2020-12-28 23:34:22.672930+00:00,7,3731.25,3731.5,15,20,3731.0,3731.75,24,39,3730.75,3732.0,27,34,3730.5,3732.25,53,25,3730.25,3732.5,101,3731.25,0.25,1,0,1,0
336,2020-12-28 23:34:23.680930+00:00,9,3731.25,3731.5,15,20,3731.0,3731.75,24,39,3730.75,3732.0,27,34,3730.5,3732.25,53,25,3730.25,3732.5,101,3731.5,-0.25,-1,0,0,1
337,2020-12-28 23:34:29.599985+00:00,12,3731.25,3731.5,11,22,3731.0,3731.75,24,39,3730.75,3732.0,27,34,3730.5,3732.25,53,25,3730.25,3732.5,101,3731.5,0.0,0,1,0,0
338,2020-12-28 23:34:37.610540+00:00,19,3731.25,3731.75,24,25,3731.0,3732.0,25,39,3730.75,3732.25,52,37,3730.5,3732.5,101,28,3730.25,3732.75,39,3731.75,-0.25,-1,0,0,1
339,2020-12-28 23:34:41.517571+00:00,8,3731.5,3731.75,22,19,3731.25,3732.0,25,32,3731.0,3732.25,52,39,3730.75,3732.5,101,36,3730.5,3732.75,39,3731.75,0.0,0,1,0,0
340,2020-12-28 23:34:43.798597+00:00,7,3731.5,3731.75,18,19,3731.25,3732.0,25,32,3731.0,3732.25,50,39,3730.75,3732.5,101,36,3730.5,3732.75,39,3731.75,0.0,0,1,0,0
341,2020-12-28 23:34:47.327672+00:00,8,3731.5,3731.75,16,21,3731.25,3732.0,24,32,3731.0,3732.25,50,38,3730.75,3732.5,102,36,3730.5,3732.75,39,3731.75,0.0,0,1,0,0
342,2020-12-28 23:34:53.208253+00:00,12,3731.5,3731.75,15,21,3731.25,3732.0,25,29,3731.0,3732.25,50,38,3730.75,3732.5,102,36,3730.5,3732.75,39,3731.75,0.0,0,1,0,0
343,2020-12-28 23:34:54.740805+00:00,14,3731.5,3731.75,14,21,3731.25,3732.0,25,28,3731.0,3732.25,50,38,3730.75,3732.5,102,36,3730.5,3732.75,39,3731.5,0.25,1,0,1,0
344,2020-12-28 23:34:55.142805+00:00,21,3731.5,3731.75,1,26,3731.25,3732.0,27,28,3731.0,3732.25,50,41,3730.75,3732.5,100,36,3730.5,3732.75,39,3731.75,-0.25,-1,0,0,1
345,2020-12-28 23:34:59.951428+00:00,21,3731.5,3731.75,5,26,3731.25,3732.0,27,30,3731.0,3732.25,50,43,3730.75,3732.5,100,36,3730.5,3732.75,39,3731.75,0.0,0,1,0,0
346,2020-12-28 23:35:05.958892+00:00,30,3731.5,3731.75,6,26,3731.25,3732.0,27,30,3731.0,3732.25,50,43,3730.75,3732.5,99,36,3730.5,3732.75,39,3731.75,0.0,0,1,0,0
347,2020-12-28 23:35:09.964940+00:00,29,3731.5,3731.75,8,26,3731.25,3732.0,27,30,3731.0,3732.25,50,42,3730.75,3732.5,99,36,3730.5,3732.75,39,3731.5,0.25,1,0,1,0
348,2020-12-28 23:35:24.891395+00:00,28,3731.5,3731.75,5,26,3731.25,3732.0,29,30,3731.0,3732.25,50,42,3730.75,3732.5,99,36,3730.5,3732.75,39,3731.5,0.0,0,1,0,0
349,2020-12-28 23:35:31.293161+00:00,28,3731.5,3731.75,8,26,3731.25,3732.0,29,30,3731.0,3732.25,50,42,3730.75,3732.5,99,36,3730.5,3732.75,39,3731.5,0.0,0,1,0,0
350,2020-12-28 23:35:37.591212+00:00,28,3731.5,3731.75,4,26,3731.25,3732.0,29,30,3731.0,3732.25,50,42,3730.75,3732.5,99,36,3730.5,3732.75,39,3731.75,-0.25,-1,0,0,1
351,2020-12-28 23:35:39.209726+00:00,25,3731.5,3731.75,17,25,3731.25,3732.0,40,30,3731.0,3732.25,51,42,3730.75,3732.5,99,36,3730.5,3732.75,39,3731.75,0.0,0,1,0,0
352,2020-12-28 23:35:42.883788+00:00,23,3731.25,3731.5,6,30,3731.0,3731.75,20,38,3730.75,3732.0,45,37,3730.5,3732.25,51,31,3730.25,3732.5,99,3731.25,0.5,1,0,1,0
353,2020-12-28 23:35:43.416787+00:00,22,3731.25,3731.5,6,30,3731.0,3731.75,21,37,3730.75,3732.0,45,37,3730.5,3732.25,51,31,3730.25,3732.5,99,3731.25,0.0,0,1,0,0
354,2020-12-28 23:35:47.652505+00:00,14,3731.25,3731.5,14,30,3731.0,3731.75,23,37,3730.75,3732.0,45,38,3730.5,3732.25,51,31,3730.25,3732.5,99,3731.25,0.0,0,1,0,0
355,2020-12-28 23:35:58.555462+00:00,15,3731.25,3731.5,20,29,3731.0,3731.75,26,38,3730.75,3732.0,35,39,3730.5,3732.25,50,29,3730.25,3732.5,99,3731.25,0.0,0,1,0,0
356,2020-12-28 23:36:03.720491+00:00,14,3731.25,3731.5,23,29,3731.0,3731.75,28,39,3730.75,3732.0,35,39,3730.5,3732.25,50,29,3730.25,3732.5,99,3731.25,0.0,0,1,0,0
357,2020-12-28 23:36:08.263546+00:00,18,3731.25,3731.5,21,29,3731.0,3731.75,29,39,3730.75,3732.0,35,39,3730.5,3732.25,50,29,3730.25,3732.5,99,3731.5,-0.25,-1,0,0,1
358,2020-12-28 23:36:12.071059+00:00,20,3731.25,3731.5,13,30,3731.0,3731.75,28,42,3730.75,3732.0,35,37,3730.5,3732.25,50,29,3730.25,3732.5,99,3731.5,0.0,0,1,0,0
359,2020-12-28 23:36:17.379609+00:00,15,3731.5,3731.75,24,20,3731.25,3732.0,50,30,3731.0,3732.25,50,40,3730.75,3732.5,99,38,3730.5,3732.75,38,3731.5,0.0,0,1,0,0
360,2020-12-28 23:36:22.788661+00:00,22,3731.5,3731.75,25,19,3731.25,3732.0,48,32,3731.0,3732.25,50,41,3730.75,3732.5,99,37,3730.5,3732.75,38,3731.5,0.0,0,1,0,0
361,2020-12-28 23:36:26.698180+00:00,12,3731.5,3731.75,24,18,3731.25,3732.0,49,32,3731.0,3732.25,50,41,3730.75,3732.5,99,37,3730.5,3732.75,37,3731.5,0.0,0,1,0,0
362,2020-12-28 23:36:34.079760+00:00,13,3731.5,3731.75,24,18,3731.25,3732.0,49,32,3731.0,3732.25,50,42,3730.75,3732.5,99,36,3730.5,3732.75,37,3731.75,-0.25,-1,0,0,1
363,2020-12-28 23:36:35.880277+00:00,19,3731.5,3731.75,17,18,3731.25,3732.0,48,32,3731.0,3732.25,50,42,3730.75,3732.5,99,36,3730.5,3732.75,37,3731.75,0.0,0,1,0,0
364,2020-12-28 23:36:41.400277+00:00,21,3731.5,3731.75,15,16,3731.25,3732.0,50,32,3731.0,3732.25,50,42,3730.75,3732.5,99,36,3730.5,3732.75,37,3731.75,0.0,0,1,0,0
365,2020-12-28 23:36:48.590792+00:00,23,3731.5,3731.75,15,20,3731.25,3732.0,50,33,3731.0,3732.25,50,42,3730.75,3732.5,99,35,3730.5,3732.75,37,3731.75,0.0,0,1,0,0
366,2020-12-28 23:36:49.915310+00:00,22,3731.5,3731.75,18,19,3731.25,3732.0,49,33,3731.0,3732.25,50,42,3730.75,3732.5,99,35,3730.5,3732.75,37,3731.5,0.25,1,0,1,0
367,2020-12-28 23:36:51.440824+00:00,19,3731.5,3731.75,18,19,3731.25,3732.0,48,33,3731.0,3732.25,50,42,3730.75,3732.5,99,35,3730.5,3732.75,37,3731.5,0.0,0,1,0,0
368,2020-12-28 23:37:01.447381+00:00,20,3731.5,3731.75,10,19,3731.25,3732.0,48,33,3731.0,3732.25,50,42,3730.75,3732.5,99,35,3730.5,3732.75,37,3731.75,-0.25,-1,0,0,1
369,2020-12-28 23:37:02.835412+00:00,19,3731.25,3731.5,4,33,3731.0,3731.75,19,42,3730.75,3732.0,50,35,3730.5,3732.25,50,30,3730.25,3732.5,99,3731.5,0.25,1,0,1,0
370,2020-12-28 23:37:05.763981+00:00,18,3731.25,3731.5,5,33,3731.0,3731.75,19,42,3730.75,3732.0,50,35,3730.5,3732.25,50,29,3730.25,3732.5,99,3731.5,0.0,0,1,0,0
371,2020-12-28 23:37:12.174414+00:00,12,3731.5,3731.75,15,30,3731.25,3732.0,49,33,3731.0,3732.25,50,42,3730.75,3732.5,99,35,3730.5,3732.75,37,3731.5,0.0,0,1,0,0
372,2020-12-28 23:37:17.957468+00:00,24,3731.25,3731.5,4,33,3731.0,3731.75,17,42,3730.75,3732.0,50,35,3730.5,3732.25,50,30,3730.25,3732.5,101,3731.5,0.0,0,1,0,0
373,2020-12-28 23:37:23.363005+00:00,24,3731.25,3731.5,4,33,3731.0,3731.75,19,42,3730.75,3732.0,52,35,3730.5,3732.25,50,30,3730.25,3732.5,101,3731.5,0.0,0,1,0,0
374,2020-12-28 23:37:27.304521+00:00,24,3731.25,3731.5,8,33,3731.0,3731.75,21,44,3730.75,3732.0,52,35,3730.5,3732.25,50,29,3730.25,3732.5,101,3731.5,0.0,0,1,0,0
375,2020-12-28 23:37:31.587076+00:00,24,3731.25,3731.5,2,33,3731.0,3731.75,22,45,3730.75,3732.0,52,35,3730.5,3732.25,50,29,3730.25,3732.5,101,3731.5,0.0,0,1,0,0
376,2020-12-28 23:37:37.419645+00:00,26,3731.25,3731.5,11,34,3731.0,3731.75,23,45,3730.75,3732.0,52,35,3730.5,3732.25,45,29,3730.25,3732.5,99,3731.5,0.0,0,1,0,0
377,2020-12-28 23:37:41.192830+00:00,28,3731.25,3731.5,6,34,3731.0,3731.75,23,45,3730.75,3732.0,52,35,3730.5,3732.25,45,29,3730.25,3732.5,99,3731.25,0.25,1,0,1,0
378,2020-12-28 23:37:43.125344+00:00,27,3731.25,3731.5,6,34,3731.0,3731.75,23,45,3730.75,3732.0,52,35,3730.5,3732.25,45,29,3730.25,3732.5,99,3731.25,0.0,0,1,0,0
379,2020-12-28 23:37:53.840905+00:00,26,3731.25,3731.5,8,33,3731.0,3731.75,23,45,3730.75,3732.0,51,35,3730.5,3732.25,45,29,3730.25,3732.5,99,3731.25,0.0,0,1,0,0
380,2020-12-28 23:38:02.916559+00:00,27,3731.25,3731.5,3,33,3731.0,3731.75,23,45,3730.75,3732.0,51,35,3730.5,3732.25,47,29,3730.25,3732.5,99,3731.5,-0.25,-1,0,0,1
381,2020-12-28 23:38:03.855087+00:00,27,3731.25,3731.5,2,33,3731.0,3731.75,23,45,3730.75,3732.0,51,35,3730.5,3732.25,47,29,3730.25,3732.5,99,3731.5,0.0,0,1,0,0
382,2020-12-28 23:38:07.399115+00:00,27,3731.25,3731.5,3,35,3731.0,3731.75,23,47,3730.75,3732.0,51,35,3730.5,3732.25,47,29,3730.25,3732.5,99,3731.25,0.25,1,0,1,0
383,2020-12-28 23:38:12.407165+00:00,24,3731.25,3731.5,10,35,3731.0,3731.75,21,47,3730.75,3732.0,51,35,3730.5,3732.25,47,29,3730.25,3732.5,99,3731.25,0.0,0,1,0,0
384,2020-12-28 23:38:17.584708+00:00,25,3731.25,3731.5,6,35,3731.0,3731.75,21,47,3730.75,3732.0,51,35,3730.5,3732.25,47,27,3730.25,3732.5,99,3731.25,0.0,0,1,0,0
385,2020-12-28 23:38:27.545839+00:00,26,3731.25,3731.5,6,35,3731.0,3731.75,22,47,3730.75,3732.0,50,35,3730.5,3732.25,46,27,3730.25,3732.5,99,3731.25,0.0,0,1,0,0
386,2020-12-28 23:38:32.613381+00:00,22,3731.25,3731.5,8,35,3731.0,3731.75,22,46,3730.75,3732.0,50,35,3730.5,3732.25,46,27,3730.25,3732.5,99,3731.25,0.0,0,1,0,0
387,2020-12-28 23:38:37.620957+00:00,24,3731.25,3731.5,8,35,3731.0,3731.75,23,46,3730.75,3732.0,50,35,3730.5,3732.25,46,27,3730.25,3732.5,99,3731.25,0.0,0,1,0,0
388,2020-12-28 23:38:47.234566+00:00,1,3731.5,3731.75,23,29,3731.25,3732.0,50,35,3731.0,3732.25,46,47,3730.75,3732.5,99,35,3730.5,3732.75,38,3731.5,-0.25,-1,0,0,1
389,2020-12-28 23:38:48.228605+00:00,8,3731.5,3731.75,23,26,3731.25,3732.0,50,34,3731.0,3732.25,46,46,3730.75,3732.5,99,35,3730.5,3732.75,38,3731.5,0.0,0,1,0,0
390,2020-12-28 23:38:57.083763+00:00,11,3731.5,3731.75,22,25,3731.25,3732.0,49,35,3731.0,3732.25,46,45,3730.75,3732.5,99,35,3730.5,3732.75,38,3731.75,-0.25,-1,0,0,1
391,2020-12-28 23:39:02.667824+00:00,11,3731.5,3731.75,23,25,3731.25,3732.0,51,38,3731.0,3732.25,46,40,3730.75,3732.5,99,35,3730.5,3732.75,37,3731.5,0.25,1,0,1,0
392,2020-12-28 23:39:03.291345+00:00,5,3731.5,3731.75,23,25,3731.25,3732.0,52,38,3731.0,3732.25,46,40,3730.75,3732.5,99,35,3730.5,3732.75,37,3731.5,0.0,0,1,0,0
393,2020-12-28 23:39:09.006889+00:00,29,3731.25,3731.75,21,37,3731.0,3732.0,51,43,3730.75,3732.25,46,35,3730.5,3732.5,99,27,3730.25,3732.75,37,3731.5,0.0,0,1,0,0
394,2020-12-28 23:39:15.774943+00:00,6,3731.5,3731.75,21,26,3731.25,3732.0,50,37,3731.0,3732.25,46,41,3730.75,3732.5,99,35,3730.5,3732.75,37,3731.5,0.0,0,1,0,0
395,2020-12-28 23:39:16.985462+00:00,8,3731.5,3731.75,21,26,3731.25,3732.0,50,37,3731.0,3732.25,46,41,3730.75,3732.5,99,36,3730.5,3732.75,37,3731.75,-0.25,-1,0,0,1
396,2020-12-28 23:39:20.921009+00:00,14,3731.5,3731.75,19,27,3731.25,3732.0,50,38,3731.0,3732.25,46,40,3730.75,3732.5,99,36,3730.5,3732.75,37,3731.75,0.0,0,1,0,0
397,2020-12-28 23:39:29.201097+00:00,21,3731.5,3731.75,15,21,3731.25,3732.0,49,38,3731.0,3732.25,46,40,3730.75,3732.5,99,36,3730.5,3732.75,37,3731.75,0.0,0,1,0,0
398,2020-12-28 23:39:38.751212+00:00,23,3731.5,3731.75,12,21,3731.25,3732.0,49,38,3731.0,3732.25,46,40,3730.75,3732.5,99,36,3730.5,3732.75,37,3731.75,0.0,0,1,0,0
399,2020-12-28 23:39:42.827512+00:00,21,3731.5,3731.75,16,21,3731.25,3732.0,50,37,3731.0,3732.25,46,40,3730.75,3732.5,99,37,3730.5,3732.75,37,3731.5,0.25,1,0,1,0
400,2020-12-28 23:39:46.366074+00:00,21,3731.5,3731.75,15,21,3731.25,3732.0,50,36,3731.0,3732.25,46,40,3730.75,3732.5,99,37,3730.5,3732.75,37,3731.5,0.0,0,1,0,0
401,2020-12-28 23:39:46.823075+00:00,21,3731.5,3731.75,15,21,3731.25,3732.0,50,36,3731.0,3732.25,46,40,3730.75,3732.5,99,37,3730.5,3732.75,37,3731.75,-0.25,-1,0,0,1
402,2020-12-28 23:39:48.609593+00:00,18,3731.75,3732.0,43,17,3731.5,3732.25,42,24,3731.25,3732.5,100,34,3731.0,3732.75,37,43,3730.75,3733.0,107,3731.75,0.0,0,1,0,0
403,2020-12-28 23:39:52.340651+00:00,27,3731.75,3732.0,8,21,3731.5,3732.25,39,24,3731.25,3732.5,98,34,3731.0,3732.75,35,43,3730.75,3733.0,107,3732.0,-0.25,-1,0,0,1
404,2020-12-28 23:39:53.278651+00:00,21,3731.75,3732.0,18,19,3731.5,3732.25,39,24,3731.25,3732.5,98,37,3731.0,3732.75,35,43,3730.75,3733.0,107,3732.0,0.0,0,1,0,0
405,2020-12-28 23:39:59.791760+00:00,25,3731.75,3732.0,16,22,3731.5,3732.25,39,25,3731.25,3732.5,98,37,3731.0,3732.75,35,43,3730.75,3733.0,107,3732.0,0.0,0,1,0,0
406,2020-12-28 23:40:02.066921+00:00,15,3731.75,3732.0,24,22,3731.5,3732.25,40,25,3731.25,3732.5,98,37,3731.0,3732.75,35,43,3730.75,3733.0,107,3731.75,0.25,1,0,1,0
407,2020-12-28 23:40:06.177032+00:00,16,3731.75,3732.0,23,22,3731.5,3732.25,41,26,3731.25,3732.5,98,37,3731.0,3732.75,35,43,3730.75,3733.0,107,3731.75,0.0,0,1,0,0
408,2020-12-28 23:40:12.215607+00:00,18,3731.75,3732.0,9,23,3731.5,3732.25,41,26,3731.25,3732.5,98,36,3731.0,3732.75,35,43,3730.75,3733.0,107,3731.75,0.0,0,1,0,0
409,2020-12-28 23:40:12.295121+00:00,18,3731.75,3732.0,9,23,3731.5,3732.25,41,26,3731.25,3732.5,98,36,3731.0,3732.75,35,43,3730.75,3733.0,107,3732.0,-0.25,-1,0,0,1
410,2020-12-28 23:40:22.733710+00:00,21,3731.75,3732.0,10,24,3731.5,3732.25,40,26,3731.25,3732.5,98,36,3731.0,3732.75,35,43,3730.75,3733.0,105,3732.0,0.0,0,1,0,0
411,2020-12-28 23:40:30.116770+00:00,22,3731.75,3732.0,13,24,3731.5,3732.25,40,27,3731.25,3732.5,98,36,3731.0,3732.75,35,43,3730.75,3733.0,105,3732.0,0.0,0,1,0,0
412,2020-12-28 23:40:36.018343+00:00,25,3731.75,3732.25,16,30,3731.5,3732.5,98,28,3731.25,3732.75,31,36,3731.0,3733.0,106,43,3730.75,3733.25,87,3732.0,0.0,0,1,0,0
413,2020-12-28 23:40:44.626992+00:00,25,3731.75,3732.0,5,32,3731.5,3732.25,16,26,3731.25,3732.5,98,36,3731.0,3732.75,31,46,3730.75,3733.0,106,3732.0,0.0,0,1,0,0
414,2020-12-28 23:40:47.154547+00:00,26,3731.75,3732.0,2,34,3731.5,3732.25,15,27,3731.25,3732.5,98,36,3731.0,3732.75,31,46,3730.75,3733.0,106,3732.0,0.0,0,1,0,0
415,2020-12-28 23:40:55.182938+00:00,1,3732.25,3732.25,20,31,3731.5,3732.5,98,27,3731.25,3732.75,31,36,3731.0,3733.0,106,46,3730.75,3733.25,87,3732.0,0.0,0,1,0,0
416,2020-12-28 23:40:55.252938+00:00,1,3732.25,3732.5,98,7,3732.0,3732.75,31,30,3731.75,3733.0,106,31,3731.5,3733.25,87,27,3731.25,3733.5,53,3732.25,-0.25,-1,0,0,1
417,2020-12-28 23:40:55.326937+00:00,32,3731.75,3732.0,1,31,3731.5,3732.25,17,27,3731.25,3732.5,98,36,3731.0,3732.75,32,46,3730.75,3733.0,104,3732.0,0.25,1,0,1,0
418,2020-12-28 23:40:58.285155+00:00,33,3731.75,3732.25,18,30,3731.5,3732.5,97,26,3731.25,3732.75,32,37,3731.0,3733.0,104,47,3730.75,3733.25,88,3732.0,0.0,0,1,0,0
419,2020-12-28 23:41:01.741673+00:00,32,3731.75,3732.0,1,30,3731.5,3732.25,18,26,3731.25,3732.5,113,37,3731.0,3732.75,32,47,3730.75,3733.0,104,3732.0,0.0,0,1,0,0
420,2020-12-28 23:41:06.904701+00:00,33,3731.75,3732.0,6,27,3731.5,3732.25,18,26,3731.25,3732.5,113,36,3731.0,3732.75,32,47,3730.75,3733.0,104,3732.0,0.0,0,1,0,0
421,2020-12-28 23:41:10.392230+00:00,33,3731.75,3732.25,18,28,3731.5,3732.5,113,26,3731.25,3732.75,32,36,3731.0,3733.0,104,47,3730.75,3733.25,88,3732.0,0.0,0,1,0,0
422,2020-12-28 23:41:14.584232+00:00,32,3731.75,3732.0,3,28,3731.5,3732.25,20,26,3731.25,3732.5,113,36,3731.0,3732.75,32,47,3730.75,3733.0,104,3732.0,0.0,0,1,0,0
423,2020-12-28 23:41:21.735266+00:00,32,3731.75,3732.0,2,29,3731.5,3732.25,20,26,3731.25,3732.5,113,36,3731.0,3732.75,32,47,3730.75,3733.0,104,3732.0,0.0,0,1,0,0
424,2020-12-28 23:41:29.950297+00:00,33,3731.75,3732.0,5,29,3731.5,3732.25,20,26,3731.25,3732.5,113,36,3731.0,3732.75,32,45,3730.75,3733.0,104,3732.0,0.0,0,1,0,0
425,2020-12-28 23:41:35.325809+00:00,33,3731.75,3732.25,21,30,3731.5,3732.5,113,26,3731.25,3732.75,32,36,3731.0,3733.0,104,46,3730.75,3733.25,83,3732.0,0.0,0,1,0,0
426,2020-12-28 23:41:45.080833+00:00,33,3731.75,3732.0,8,29,3731.5,3732.25,20,27,3731.25,3732.5,113,37,3731.0,3732.75,32,47,3730.75,3733.0,104,3731.75,0.25,1,0,1,0
427,2020-12-28 23:41:45.354833+00:00,33,3731.75,3732.0,8,29,3731.5,3732.25,20,27,3731.25,3732.5,113,37,3731.0,3732.75,32,47,3730.75,3733.0,104,3732.0,-0.25,-1,0,0,1
428,2020-12-28 23:41:49.458851+00:00,29,3731.75,3732.0,5,23,3731.5,3732.25,19,22,3731.25,3732.5,112,34,3731.0,3732.75,30,42,3730.75,3733.0,102,3732.0,0.0,0,1,0,0
429,2020-12-28 23:41:52.694850+00:00,31,3731.75,3732.0,7,31,3731.5,3732.25,20,24,3731.25,3732.5,113,36,3731.0,3732.75,32,44,3730.75,3733.0,104,3732.0,0.0,0,1,0,0
430,2020-12-28 23:41:54.966388+00:00,31,3731.75,3732.0,6,31,3731.5,3732.25,20,24,3731.25,3732.5,113,35,3731.0,3732.75,32,44,3730.75,3733.0,104,3731.75,0.25,1,0,1,0
431,2020-12-28 23:41:55.770928+00:00,30,3731.75,3732.0,8,30,3731.5,3732.25,20,24,3731.25,3732.5,113,35,3731.0,3732.75,32,44,3730.75,3733.0,104,3731.75,0.0,0,1,0,0
432,2020-12-28 23:42:03.515539+00:00,30,3731.75,3732.0,13,31,3731.5,3732.25,19,26,3731.25,3732.5,113,33,3731.0,3732.75,32,44,3730.75,3733.0,104,3731.75,0.0,0,1,0,0
433,2020-12-28 23:42:09.200085+00:00,31,3731.75,3732.0,15,31,3731.5,3732.25,19,27,3731.25,3732.5,113,33,3731.0,3732.75,32,44,3730.75,3733.0,104,3732.0,-0.25,-1,0,0,1
434,2020-12-28 23:42:21.950829+00:00,52,3732.0,3732.25,20,35,3731.75,3732.5,113,32,3731.5,3732.75,33,27,3731.25,3733.0,104,36,3731.0,3733.25,85,3732.0,0.0,0,1,0,0
435,2020-12-28 23:42:23.082351+00:00,4,3732.25,3732.5,112,64,3732.0,3732.75,33,34,3731.75,3733.0,104,34,3731.5,3733.25,84,28,3731.25,3733.5,49,3732.25,-0.25,-1,0,0,1
436,2020-12-28 23:42:24.201864+00:00,23,3732.25,3732.5,28,71,3732.0,3732.75,28,35,3731.75,3733.0,102,34,3731.5,3733.25,86,28,3731.25,3733.5,50,3732.5,-0.25,-1,0,0,1
437,2020-12-28 23:42:24.776863+00:00,23,3732.25,3732.5,28,71,3732.0,3732.75,28,35,3731.75,3733.0,102,34,3731.5,3733.25,86,28,3731.25,3733.5,50,3732.5,0.0,0,1,0,0
438,2020-12-28 23:42:30.166386+00:00,29,3732.25,3732.5,18,67,3732.0,3732.75,29,37,3731.75,3733.0,102,32,3731.5,3733.25,85,28,3731.25,3733.5,50,3732.5,0.0,0,1,0,0
439,2020-12-28 23:42:33.248776+00:00,16,3732.25,3732.5,12,17,3732.0,3732.75,30,36,3731.75,3733.0,102,29,3731.5,3733.25,83,28,3731.25,3733.5,49,3732.5,0.0,0,1,0,0
440,2020-12-28 23:42:36.078051+00:00,19,3732.25,3732.5,10,17,3732.0,3732.75,30,36,3731.75,3733.0,102,29,3731.5,3733.25,83,28,3731.25,3733.5,49,3732.5,0.0,0,1,0,0
441,2020-12-28 23:42:39.985077+00:00,22,3732.0,3732.25,11,35,3731.75,3732.5,24,29,3731.5,3732.75,34,28,3731.25,3733.0,102,48,3731.0,3733.25,83,3732.25,0.25,1,0,1,0
442,2020-12-28 23:42:43.893617+00:00,22,3732.0,3732.25,14,33,3731.75,3732.5,26,29,3731.5,3732.75,50,28,3731.25,3733.0,102,47,3731.0,3733.25,83,3732.0,0.25,1,0,1,0
443,2020-12-28 23:42:47.899644+00:00,28,3732.0,3732.25,6,33,3731.75,3732.5,27,29,3731.5,3732.75,51,28,3731.25,3733.0,102,47,3731.0,3733.25,84,3732.25,-0.25,-1,0,0,1
444,2020-12-28 23:42:53.210544+00:00,28,3732.0,3732.25,9,33,3731.75,3732.5,28,29,3731.5,3732.75,51,28,3731.25,3733.0,102,47,3731.0,3733.25,83,3732.25,0.0,0,1,0,0
445,2020-12-28 23:42:55.685057+00:00,1,3732.25,3732.5,37,31,3732.0,3732.75,49,33,3731.75,3733.0,102,30,3731.5,3733.25,83,28,3731.25,3733.5,51,3732.25,0.0,0,1,0,0
446,2020-12-28 23:42:55.893570+00:00,1,3732.25,3732.5,37,31,3732.0,3732.75,49,33,3731.75,3733.0,102,30,3731.5,3733.25,83,28,3731.25,3733.5,51,3732.5,-0.25,-1,0,0,1
447,2020-12-28 23:43:00.434863+00:00,1,3732.25,3732.5,36,29,3732.0,3732.75,50,33,3731.75,3733.0,102,36,3731.5,3733.25,83,28,3731.25,3733.5,49,3732.25,0.25,1,0,1,0
448,2020-12-28 23:43:03.028385+00:00,8,3732.25,3732.5,37,24,3732.0,3732.75,50,33,3731.75,3733.0,102,36,3731.5,3733.25,83,28,3731.25,3733.5,50,3732.5,-0.25,-1,0,0,1
449,2020-12-28 23:43:05.433981+00:00,10,3732.25,3732.5,35,24,3732.0,3732.75,50,33,3731.75,3733.0,128,36,3731.5,3733.25,82,28,3731.25,3733.5,50,3732.5,0.0,0,1,0,0
450,2020-12-28 23:43:09.317522+00:00,17,3732.25,3732.5,31,26,3732.0,3732.75,49,32,3731.75,3733.0,128,36,3731.5,3733.25,82,26,3731.25,3733.5,50,3732.5,0.0,0,1,0,0
451,2020-12-28 23:43:10.342078+00:00,14,3732.25,3732.5,32,26,3732.0,3732.75,49,32,3731.75,3733.0,128,36,3731.5,3733.25,82,26,3731.25,3733.5,50,3732.5,0.0,0,1,0,0
452,2020-12-28 23:43:11.604076+00:00,21,3732.25,3732.5,13,29,3732.0,3732.75,48,32,3731.75,3733.0,128,36,3731.5,3733.25,82,26,3731.25,3733.5,50,3732.5,0.0,0,1,0,0
453,2020-12-28 23:43:12.490600+00:00,23,3732.25,3732.5,8,26,3732.0,3732.75,48,32,3731.75,3733.0,128,36,3731.5,3733.25,82,26,3731.25,3733.5,50,3732.5,0.0,0,1,0,0
454,2020-12-28 23:43:18.469108+00:00,19,3732.25,3732.5,18,26,3732.0,3732.75,49,32,3731.75,3733.0,128,35,3731.5,3733.25,82,26,3731.25,3733.5,50,3732.5,0.0,0,1,0,0
455,2020-12-28 23:43:22.873176+00:00,23,3732.25,3732.5,10,23,3732.0,3732.75,49,32,3731.75,3733.0,129,35,3731.5,3733.25,82,26,3731.25,3733.5,50,3732.5,0.0,0,1,0,0
456,2020-12-28 23:43:28.534479+00:00,21,3732.25,3732.5,15,25,3732.0,3732.75,49,32,3731.75,3733.0,129,34,3731.5,3733.25,82,26,3731.25,3733.5,48,3732.25,0.25,1,0,1,0
457,2020-12-28 23:43:33.287201+00:00,21,3732.25,3732.5,18,23,3732.0,3732.75,49,32,3731.75,3733.0,129,34,3731.5,3733.25,82,26,3731.25,3733.5,48,3732.5,-0.25,-1,0,0,1
458,2020-12-28 23:43:46.007117+00:00,20,3732.25,3732.5,4,23,3732.0,3732.75,49,32,3731.75,3733.0,129,32,3731.5,3733.25,82,26,3731.25,3733.5,48,3732.5,0.0,0,1,0,0
459,2020-12-28 23:43:51.017143+00:00,18,3732.25,3732.5,8,24,3732.0,3732.75,50,30,3731.75,3733.0,129,42,3731.5,3733.25,90,26,3731.25,3733.5,49,3732.5,0.0,0,1,0,0
460,2020-12-28 23:43:57.131230+00:00,21,3732.25,3732.5,5,24,3732.0,3732.75,50,30,3731.75,3733.0,130,42,3731.5,3733.25,90,26,3731.25,3733.5,49,3732.5,0.0,0,1,0,0
461,2020-12-28 23:43:57.219748+00:00,21,3732.25,3732.5,5,24,3732.0,3732.75,50,30,3731.75,3733.0,130,42,3731.5,3733.25,90,26,3731.25,3733.5,49,3732.25,0.25,1,0,1,0
462,2020-12-28 23:44:02.416292+00:00,2,3732.5,3732.75,43,22,3732.25,3733.0,129,24,3732.0,3733.25,90,30,3731.75,3733.5,49,42,3731.5,3733.75,35,3732.5,-0.25,-1,0,0,1
463,2020-12-28 23:44:06.746832+00:00,10,3732.5,3732.75,36,25,3732.25,3733.0,128,29,3732.0,3733.25,89,31,3731.75,3733.5,49,45,3731.5,3733.75,33,3732.5,0.0,0,1,0,0
464,2020-12-28 23:44:11.447361+00:00,22,3732.25,3732.5,12,27,3732.0,3732.75,45,31,3731.75,3733.0,129,45,3731.5,3733.25,89,31,3731.25,3733.5,49,3732.25,0.25,1,0,1,0
465,2020-12-28 23:44:13.457186+00:00,24,3732.25,3732.5,8,27,3732.0,3732.75,46,30,3731.75,3733.0,129,45,3731.5,3733.25,89,31,3731.25,3733.5,49,3732.5,-0.25,-1,0,0,1
466,2020-12-28 23:44:21.170266+00:00,24,3732.25,3732.5,16,28,3732.0,3732.75,45,28,3731.75,3733.0,129,40,3731.5,3733.25,89,30,3731.25,3733.5,49,3732.5,0.0,0,1,0,0
467,2020-12-28 23:44:26.878509+00:00,31,3732.25,3732.5,16,33,3732.0,3732.75,45,27,3731.75,3733.0,129,41,3731.5,3733.25,89,30,3731.25,3733.5,49,3732.5,0.0,0,1,0,0
468,2020-12-28 23:44:32.703045+00:00,31,3732.25,3732.5,12,34,3732.0,3732.75,45,27,3731.75,3733.0,129,41,3731.5,3733.25,89,32,3731.25,3733.5,48,3732.5,0.0,0,1,0,0
469,2020-12-28 23:44:38.998109+00:00,33,3732.25,3732.5,10,34,3732.0,3732.75,46,27,3731.75,3733.0,129,41,3731.5,3733.25,89,32,3731.25,3733.5,48,3732.5,0.0,0,1,0,0
470,2020-12-28 23:44:44.562172+00:00,33,3732.25,3732.5,12,34,3732.0,3732.75,45,27,3731.75,3733.0,130,41,3731.5,3733.25,89,32,3731.25,3733.5,48,3732.5,0.0,0,1,0,0
471,2020-12-28 23:44:52.272817+00:00,39,3732.25,3732.75,44,35,3732.0,3733.0,129,27,3731.75,3733.25,91,41,3731.5,3733.5,45,32,3731.25,3733.75,32,3732.5,0.0,0,1,0,0
472,2020-12-28 23:44:53.770878+00:00,1,3732.5,3732.75,45,38,3732.25,3733.0,130,35,3732.0,3733.25,91,27,3731.75,3733.5,45,41,3731.5,3733.75,31,3732.75,-0.25,-1,0,0,1
473,2020-12-28 23:44:55.723400+00:00,13,3732.5,3732.75,39,36,3732.25,3733.0,129,35,3732.0,3733.25,91,27,3731.75,3733.5,44,41,3731.5,3733.75,32,3732.75,0.0,0,1,0,0
474,2020-12-28 23:45:00.731149+00:00,15,3732.5,3732.75,41,36,3732.25,3733.0,129,39,3732.0,3733.25,91,27,3731.75,3733.5,44,41,3731.5,3733.75,32,3732.75,0.0,0,1,0,0
475,2020-12-28 23:45:01.133663+00:00,1,3732.5,3732.75,41,36,3732.25,3733.0,130,39,3732.0,3733.25,91,27,3731.75,3733.5,44,41,3731.5,3733.75,32,3732.5,0.25,1,0,1,0
476,2020-12-28 23:45:02.887219+00:00,14,3732.5,3732.75,16,36,3732.25,3733.0,128,39,3732.0,3733.25,91,27,3731.75,3733.5,44,41,3731.5,3733.75,34,3732.75,-0.25,-1,0,0,1
477,2020-12-28 23:45:03.838237+00:00,15,3732.5,3732.75,16,36,3732.25,3733.0,128,39,3732.0,3733.25,91,27,3731.75,3733.5,44,41,3731.5,3733.75,34,3732.75,0.0,0,1,0,0
478,2020-12-28 23:45:07.850338+00:00,19,3732.5,3732.75,12,39,3732.25,3733.0,128,39,3732.0,3733.25,91,27,3731.75,3733.5,45,36,3731.5,3733.75,34,3732.75,0.0,0,1,0,0
479,2020-12-28 23:45:11.753480+00:00,28,3732.5,3732.75,20,38,3732.25,3733.0,128,41,3732.0,3733.25,91,27,3731.75,3733.5,45,36,3731.5,3733.75,34,3732.5,0.25,1,0,1,0
480,2020-12-28 23:45:13.730755+00:00,28,3732.5,3732.75,21,34,3732.25,3733.0,128,41,3732.0,3733.25,91,27,3731.75,3733.5,45,36,3731.5,3733.75,34,3732.75,-0.25,-1,0,0,1
481,2020-12-28 23:45:14.759756+00:00,32,3732.5,3732.75,19,34,3732.25,3733.0,128,41,3732.0,3733.25,91,30,3731.75,3733.5,45,36,3731.5,3733.75,34,3732.75,0.0,0,1,0,0
482,2020-12-28 23:45:19.368846+00:00,31,3732.5,3732.75,13,31,3732.25,3733.0,128,42,3732.0,3733.25,91,30,3731.75,3733.5,47,35,3731.5,3733.75,34,3732.75,0.0,0,1,0,0
483,2020-12-28 23:45:24.177366+00:00,33,3732.5,3732.75,9,31,3732.25,3733.0,128,43,3732.0,3733.25,91,30,3731.75,3733.5,47,35,3731.5,3733.75,34,3732.75,0.0,0,1,0,0
484,2020-12-28 23:45:27.284041+00:00,33,3732.5,3732.75,16,31,3732.25,3733.0,128,43,3732.0,3733.25,91,31,3731.75,3733.5,47,35,3731.5,3733.75,34,3732.75,0.0,0,1,0,0
485,2020-12-28 23:45:29.488581+00:00,27,3732.5,3732.75,14,34,3732.25,3733.0,128,43,3732.0,3733.25,91,30,3731.75,3733.5,47,35,3731.5,3733.75,34,3732.75,0.0,0,1,0,0
486,2020-12-28 23:45:37.419151+00:00,28,3732.5,3732.75,13,33,3732.25,3733.0,128,42,3732.0,3733.25,91,31,3731.75,3733.5,48,35,3731.5,3733.75,34,3732.75,0.0,0,1,0,0
487,2020-12-28 23:45:42.011180+00:00,27,3732.5,3732.75,15,33,3732.25,3733.0,128,42,3732.0,3733.25,91,31,3731.75,3733.5,48,35,3731.5,3733.75,34,3732.75,0.0,0,1,0,0
488,2020-12-28 23:45:55.435068+00:00,31,3732.5,3732.75,17,33,3732.25,3733.0,128,42,3732.0,3733.25,91,31,3731.75,3733.5,48,35,3731.5,3733.75,34,3732.75,0.0,0,1,0,0
489,2020-12-28 23:45:58.167602+00:00,32,3732.5,3732.75,19,33,3732.25,3733.0,128,42,3732.0,3733.25,91,31,3731.75,3733.5,48,35,3731.5,3733.75,34,3732.5,0.25,1,0,1,0
490,2020-12-28 23:45:59.946114+00:00,27,3732.5,3732.75,21,33,3732.25,3733.0,128,42,3732.0,3733.25,91,31,3731.75,3733.5,48,35,3731.5,3733.75,34,3732.5,0.0,0,1,0,0
491,2020-12-28 23:46:00.018114+00:00,27,3732.5,3732.75,21,33,3732.25,3733.0,128,42,3732.0,3733.25,91,31,3731.75,3733.5,48,35,3731.5,3733.75,34,3732.75,-0.25,-1,0,0,1
492,2020-12-28 23:46:01.518116+00:00,26,3732.5,3732.75,19,33,3732.25,3733.0,128,42,3732.0,3733.25,91,31,3731.75,3733.5,48,35,3731.5,3733.75,34,3732.5,0.25,1,0,1,0
493,2020-12-28 23:46:02.837116+00:00,33,3732.25,3732.5,1,42,3732.0,3732.75,26,30,3731.75,3733.0,129,35,3731.5,3733.25,91,30,3731.25,3733.5,48,3732.5,0.0,0,1,0,0
494,2020-12-28 23:46:07.759114+00:00,36,3732.25,3732.5,14,42,3732.0,3732.75,26,30,3731.75,3733.0,130,35,3731.5,3733.25,91,30,3731.25,3733.5,49,3732.5,0.0,0,1,0,0
495,2020-12-28 23:46:10.062654+00:00,36,3732.25,3732.5,12,41,3732.0,3732.75,24,30,3731.75,3733.0,130,35,3731.5,3733.25,91,30,3731.25,3733.5,49,3732.5,0.0,0,1,0,0
496,2020-12-28 23:46:18.565128+00:00,28,3732.25,3732.5,18,41,3732.0,3732.75,24,27,3731.75,3733.0,131,35,3731.5,3733.25,91,30,3731.25,3733.5,49,3732.5,0.0,0,1,0,0
497,2020-12-28 23:46:24.055797+00:00,46,3732.25,3732.5,7,50,3732.0,3732.75,25,26,3731.75,3733.0,131,35,3731.5,3733.25,91,30,3731.25,3733.5,49,3732.5,0.0,0,1,0,0
498,2020-12-28 23:46:28.998305+00:00,44,3732.25,3732.5,13,50,3732.0,3732.75,24,26,3731.75,3733.0,131,35,3731.5,3733.25,91,30,3731.25,3733.5,49,3732.5,0.0,0,1,0,0
499,2020-12-28 23:46:39.008905+00:00,45,3732.25,3732.5,10,51,3732.0,3732.75,24,25,3731.75,3733.0,131,34,3731.5,3733.25,91,30,3731.25,3733.5,49,3732.5,0.0,0,1,0,0
500,2020-12-28 23:46:46.933378+00:00,45,3732.25,3732.5,11,51,3732.0,3732.75,24,24,3731.75,3733.0,131,34,3731.5,3733.25,91,30,3731.25,3733.5,49,3732.5,0.0,0,1,0,0
501,2020-12-28 23:46:52.041605+00:00,46,3732.25,3732.5,1,49,3732.0,3732.75,26,24,3731.75,3733.0,131,34,3731.5,3733.25,91,30,3731.25,3733.5,49,3732.5,0.0,0,1,0,0
502,2020-12-28 23:46:56.048998+00:00,47,3732.25,3732.5,1,49,3732.0,3732.75,25,24,3731.75,3733.0,131,34,3731.5,3733.25,91,30,3731.25,3733.5,49,3732.5,0.0,0,1,0,0
503,2020-12-28 23:46:56.113998+00:00,47,3732.25,3732.5,1,49,3732.0,3732.75,25,24,3731.75,3733.0,131,34,3731.5,3733.25,91,30,3731.25,3733.5,49,3732.25,0.25,1,0,1,0
504,2020-12-28 23:47:01.363478+00:00,14,3732.5,3732.75,23,46,3732.25,3733.0,132,51,3732.0,3733.25,94,26,3731.75,3733.5,51,38,3731.5,3733.75,34,3732.5,-0.25,-1,0,0,1
505,2020-12-28 23:47:05.065720+00:00,11,3732.5,3732.75,23,47,3732.25,3733.0,132,51,3732.0,3733.25,94,26,3731.75,3733.5,51,38,3731.5,3733.75,34,3732.5,0.0,0,1,0,0
506,2020-12-28 23:47:09.375373+00:00,46,3732.25,3732.5,7,53,3732.0,3732.75,27,26,3731.75,3733.0,134,38,3731.5,3733.25,94,32,3731.25,3733.5,51,3732.5,0.0,0,1,0,0
507,2020-12-28 23:47:13.982947+00:00,47,3732.25,3732.5,5,54,3732.0,3732.75,27,27,3731.75,3733.0,134,38,3731.5,3733.25,94,32,3731.25,3733.5,51,3732.5,0.0,0,1,0,0
508,2020-12-28 23:47:14.185947+00:00,47,3732.25,3732.5,5,54,3732.0,3732.75,27,27,3731.75,3733.0,134,38,3731.5,3733.25,94,32,3731.25,3733.5,51,3732.25,0.25,1,0,1,0
509,2020-12-28 23:47:19.092489+00:00,47,3732.25,3732.5,13,53,3732.0,3732.75,27,25,3731.75,3733.0,134,39,3731.5,3733.25,94,32,3731.25,3733.5,51,3732.25,0.0,0,1,0,0
510,2020-12-28 23:47:24.069031+00:00,46,3732.25,3732.5,12,59,3732.0,3732.75,27,25,3731.75,3733.0,134,39,3731.5,3733.25,94,32,3731.25,3733.5,51,3732.25,0.0,0,1,0,0
511,2020-12-28 23:47:30.556229+00:00,46,3732.25,3732.5,13,64,3732.0,3732.75,26,25,3731.75,3733.0,134,39,3731.5,3733.25,94,33,3731.25,3733.5,51,3732.25,0.0,0,1,0,0
512,2020-12-28 23:47:36.119638+00:00,40,3732.25,3732.5,13,63,3732.0,3732.75,26,25,3731.75,3733.0,134,39,3731.5,3733.25,94,33,3731.25,3733.5,51,3732.25,0.0,0,1,0,0
513,2020-12-28 23:47:41.196339+00:00,47,3732.25,3732.5,11,63,3732.0,3732.75,26,25,3731.75,3733.0,134,40,3731.5,3733.25,94,33,3731.25,3733.5,51,3732.25,0.0,0,1,0,0
514,2020-12-28 23:47:48.139754+00:00,49,3732.25,3732.5,12,65,3732.0,3732.75,26,25,3731.75,3733.0,133,40,3731.5,3733.25,94,33,3731.25,3733.5,51,3732.25,0.0,0,1,0,0
515,2020-12-28 23:47:53.104187+00:00,32,3732.25,3732.5,12,63,3732.0,3732.75,26,27,3731.75,3733.0,133,40,3731.5,3733.25,94,33,3731.25,3733.5,51,3732.25,0.0,0,1,0,0
516,2020-12-28 23:47:58.734066+00:00,33,3732.25,3732.5,11,63,3732.0,3732.75,26,27,3731.75,3733.0,133,40,3731.5,3733.25,94,33,3731.25,3733.5,50,3732.5,-0.25,-1,0,0,1
517,2020-12-28 23:48:02.053516+00:00,17,3732.5,3732.75,12,56,3732.25,3733.0,132,61,3732.0,3733.25,95,27,3731.75,3733.5,50,40,3731.5,3733.75,35,3732.5,0.0,0,1,0,0
518,2020-12-28 23:48:05.339259+00:00,21,3732.5,3732.75,13,54,3732.25,3733.0,132,61,3732.0,3733.25,95,27,3731.75,3733.5,50,40,3731.5,3733.75,35,3732.75,-0.25,-1,0,0,1
519,2020-12-28 23:48:07.061659+00:00,22,3732.5,3732.75,11,55,3732.25,3733.0,131,61,3732.0,3733.25,96,27,3731.75,3733.5,50,40,3731.5,3733.75,35,3732.5,0.25,1,0,1,0
520,2020-12-28 23:48:07.763639+00:00,21,3732.5,3732.75,11,55,3732.25,3733.0,131,61,3732.0,3733.25,96,27,3731.75,3733.5,50,40,3731.5,3733.75,35,3732.75,-0.25,-1,0,0,1
521,2020-12-28 23:48:11.271391+00:00,24,3732.5,3732.75,9,55,3732.25,3733.0,131,60,3732.0,3733.25,96,27,3731.75,3733.5,50,40,3731.5,3733.75,35,3732.75,0.0,0,1,0,0
522,2020-12-28 23:48:16.881561+00:00,23,3732.5,3732.75,19,55,3732.25,3733.0,132,61,3732.0,3733.25,96,26,3731.75,3733.5,48,40,3731.5,3733.75,34,3732.75,0.0,0,1,0,0
523,2020-12-28 23:48:19.855367+00:00,22,3732.5,3732.75,20,55,3732.25,3733.0,132,61,3732.0,3733.25,96,26,3731.75,3733.5,48,40,3731.5,3733.75,34,3732.5,0.25,1,0,1,0
524,2020-12-28 23:48:24.295131+00:00,49,3732.5,3732.75,12,27,3732.25,3733.0,132,61,3732.0,3733.25,96,26,3731.75,3733.5,48,40,3731.5,3733.75,34,3732.5,0.0,0,1,0,0
525,2020-12-28 23:48:27.375847+00:00,50,3732.5,3732.75,21,27,3732.25,3733.0,132,61,3732.0,3733.25,96,29,3731.75,3733.5,48,40,3731.5,3733.75,34,3732.5,0.0,0,1,0,0
526,2020-12-28 23:48:33.013840+00:00,49,3732.5,3732.75,22,25,3732.25,3733.0,132,59,3732.0,3733.25,96,27,3731.75,3733.5,48,37,3731.5,3733.75,34,3732.75,-0.25,-1,0,0,1
527,2020-12-28 23:48:37.017361+00:00,43,3732.5,3732.75,23,25,3732.25,3733.0,131,59,3732.0,3733.25,96,27,3731.75,3733.5,48,37,3731.5,3733.75,34,3732.75,0.0,0,1,0,0
528,2020-12-28 23:48:37.604937+00:00,4,3732.5,3732.75,34,24,3732.25,3733.0,132,59,3732.0,3733.25,96,27,3731.75,3733.5,49,37,3731.5,3733.75,34,3732.5,0.25,1,0,1,0
529,2020-12-28 23:48:42.124845+00:00,20,3732.5,3732.75,32,24,3732.25,3733.0,134,59,3732.0,3733.25,95,27,3731.75,3733.5,49,37,3731.5,3733.75,35,3732.5,0.0,0,1,0,0
530,2020-12-28 23:48:44.830911+00:00,14,3732.5,3732.75,32,23,3732.25,3733.0,134,59,3732.0,3733.25,95,27,3731.75,3733.5,49,37,3731.5,3733.75,35,3732.75,-0.25,-1,0,0,1
531,2020-12-28 23:48:45.508151+00:00,23,3732.5,3732.75,22,24,3732.25,3733.0,132,59,3732.0,3733.25,95,27,3731.75,3733.5,49,37,3731.5,3733.75,35,3732.75,0.0,0,1,0,0
532,2020-12-28 23:48:51.515464+00:00,13,3732.5,3732.75,33,23,3732.25,3733.0,136,59,3732.0,3733.25,96,27,3731.75,3733.5,49,37,3731.5,3733.75,35,3732.5,0.25,1,0,1,0
533,2020-12-28 23:48:53.747831+00:00,13,3732.5,3732.75,32,23,3732.25,3733.0,136,59,3732.0,3733.25,96,27,3731.75,3733.5,49,37,3731.5,3733.75,35,3732.75,-0.25,-1,0,0,1
534,2020-12-28 23:48:57.453672+00:00,25,3732.5,3732.75,18,24,3732.25,3733.0,135,59,3732.0,3733.25,96,27,3731.75,3733.5,49,37,3731.5,3733.75,35,3732.75,0.0,0,1,0,0
535,2020-12-28 23:49:00.163489+00:00,30,3732.5,3732.75,14,25,3732.25,3733.0,134,59,3732.0,3733.25,96,26,3731.75,3733.5,49,37,3731.5,3733.75,35,3732.75,0.0,0,1,0,0
536,2020-12-28 23:49:05.548710+00:00,35,3732.5,3732.75,15,25,3732.25,3733.0,134,54,3732.0,3733.25,96,26,3731.75,3733.5,49,37,3731.5,3733.75,34,3732.75,0.0,0,1,0,0
537,2020-12-28 23:49:16.089334+00:00,36,3732.5,3732.75,17,25,3732.25,3733.0,135,54,3732.0,3733.25,96,26,3731.75,3733.5,49,37,3731.5,3733.75,35,3732.75,0.0,0,1,0,0
538,2020-12-28 23:49:26.309501+00:00,37,3732.5,3732.75,19,25,3732.25,3733.0,135,54,3732.0,3733.25,96,26,3731.75,3733.5,49,37,3731.5,3733.75,35,3732.75,0.0,0,1,0,0
539,2020-12-28 23:49:29.383700+00:00,33,3732.5,3732.75,16,25,3732.25,3733.0,135,54,3732.0,3733.25,96,26,3731.75,3733.5,48,37,3731.5,3733.75,35,3732.5,0.25,1,0,1,0
540,2020-12-28 23:49:34.823944+00:00,34,3732.5,3732.75,20,24,3732.25,3733.0,135,64,3732.0,3733.25,96,26,3731.75,3733.5,48,37,3731.5,3733.75,35,3732.5,0.0,0,1,0,0
541,2020-12-28 23:49:37.495857+00:00,34,3732.5,3732.75,16,26,3732.25,3733.0,135,64,3732.0,3733.25,96,26,3731.75,3733.5,48,37,3731.5,3733.75,35,3732.75,-0.25,-1,0,0,1
542,2020-12-28 23:49:38.932174+00:00,37,3732.5,3732.75,21,26,3732.25,3733.0,136,64,3732.0,3733.25,96,26,3731.75,3733.5,48,37,3731.5,3733.75,35,3732.75,0.0,0,1,0,0
543,2020-12-28 23:49:42.240648+00:00,37,3732.5,3732.75,21,26,3732.25,3733.0,136,64,3732.0,3733.25,96,26,3731.75,3733.5,48,37,3731.5,3733.75,35,3732.5,0.25,1,0,1,0
544,2020-12-28 23:49:46.572326+00:00,25,3732.5,3732.75,28,24,3732.25,3733.0,138,64,3732.0,3733.25,96,25,3731.75,3733.5,48,38,3731.5,3733.75,35,3732.5,0.0,0,1,0,0
545,2020-12-28 23:49:54.661486+00:00,33,3732.5,3732.75,20,25,3732.25,3733.0,138,64,3732.0,3733.25,96,25,3731.75,3733.5,48,38,3731.5,3733.75,35,3732.75,-0.25,-1,0,0,1
546,2020-12-28 23:49:58.597068+00:00,58,3732.5,3732.75,5,25,3732.25,3733.0,137,64,3732.0,3733.25,95,25,3731.75,3733.5,49,38,3731.5,3733.75,35,3732.75,0.0,0,1,0,0
547,2020-12-28 23:49:59.472282+00:00,59,3732.5,3732.75,3,25,3732.25,3733.0,137,64,3732.0,3733.25,95,25,3731.75,3733.5,49,38,3731.5,3733.75,35,3732.75,0.0,0,1,0,0
548,2020-12-28 23:50:04.780849+00:00,59,3732.5,3732.75,13,25,3732.25,3733.0,143,64,3732.0,3733.25,96,25,3731.75,3733.5,49,38,3731.5,3733.75,34,3732.75,0.0,0,1,0,0
549,2020-12-28 23:50:11.496742+00:00,63,3732.5,3732.75,20,24,3732.25,3733.0,143,64,3732.0,3733.25,96,25,3731.75,3733.5,49,40,3731.5,3733.75,34,3732.75,0.0,0,1,0,0
550,2020-12-28 23:50:14.500961+00:00,62,3732.5,3732.75,9,24,3732.25,3733.0,143,64,3732.0,3733.25,96,25,3731.75,3733.5,49,40,3731.5,3733.75,34,3732.75,0.0,0,1,0,0
551,2020-12-28 23:50:23.917351+00:00,62,3732.5,3732.75,10,25,3732.25,3733.0,144,64,3732.0,3733.25,95,25,3731.75,3733.5,49,40,3731.5,3733.75,35,3732.75,0.0,0,1,0,0
552,2020-12-28 23:50:30.229847+00:00,66,3732.5,3732.75,9,25,3732.25,3733.0,144,64,3732.0,3733.25,95,25,3731.75,3733.5,49,40,3731.5,3733.75,35,3732.75,0.0,0,1,0,0
553,2020-12-28 23:50:35.504065+00:00,66,3732.5,3732.75,10,25,3732.25,3733.0,143,64,3732.0,3733.25,96,26,3731.75,3733.5,49,41,3731.5,3733.75,35,3732.5,0.25,1,0,1,0
554,2020-12-28 23:50:36.343469+00:00,65,3732.5,3732.75,11,25,3732.25,3733.0,143,64,3732.0,3733.25,96,26,3731.75,3733.5,49,41,3731.5,3733.75,35,3732.5,0.0,0,1,0,0
555,2020-12-28 23:50:42.353283+00:00,68,3732.5,3732.75,16,25,3732.25,3733.0,140,64,3732.0,3733.25,96,26,3731.75,3733.5,49,41,3731.5,3733.75,35,3732.5,0.0,0,1,0,0
556,2020-12-28 23:50:49.230260+00:00,68,3732.5,3732.75,16,25,3732.25,3733.0,140,64,3732.0,3733.25,96,26,3731.75,3733.5,49,41,3731.5,3733.75,38,3732.5,0.0,0,1,0,0
557,2020-12-28 23:50:58.451386+00:00,40,3732.75,3733.0,77,53,3732.5,3733.25,95,28,3732.25,3733.5,48,64,3732.0,3733.75,42,26,3731.75,3734.0,76,3733.0,-0.5,-1,0,0,1
558,2020-12-28 23:51:06.893817+00:00,48,3732.75,3733.0,63,47,3732.5,3733.25,96,30,3732.25,3733.5,48,61,3732.0,3733.75,42,25,3731.75,3734.0,76,3733.0,0.0,0,1,0,0
559,2020-12-28 23:51:12.905600+00:00,57,3732.75,3733.0,74,41,3732.5,3733.25,95,30,3732.25,3733.5,49,61,3732.0,3733.75,41,25,3731.75,3734.0,77,3733.0,0.0,0,1,0,0
560,2020-12-28 23:51:18.193418+00:00,61,3732.75,3733.0,71,36,3732.5,3733.25,96,32,3732.25,3733.5,49,61,3732.0,3733.75,41,25,3731.75,3734.0,77,3733.0,0.0,0,1,0,0
561,2020-12-28 23:51:25.829849+00:00,62,3732.75,3733.0,72,36,3732.5,3733.25,96,32,3732.25,3733.5,49,61,3732.0,3733.75,41,25,3731.75,3734.0,77,3733.0,0.0,0,1,0,0
562,2020-12-28 23:51:33.944261+00:00,64,3732.75,3733.0,72,35,3732.5,3733.25,96,31,3732.25,3733.5,49,61,3732.0,3733.75,41,25,3731.75,3734.0,77,3733.0,0.0,0,1,0,0
563,2020-12-28 23:51:37.756617+00:00,63,3732.75,3733.0,70,34,3732.5,3733.25,97,31,3732.25,3733.5,49,61,3732.0,3733.75,41,25,3731.75,3734.0,77,3733.0,0.0,0,1,0,0
564,2020-12-28 23:51:45.766875+00:00,65,3732.75,3733.0,48,34,3732.5,3733.25,98,31,3732.25,3733.5,49,61,3732.0,3733.75,41,25,3731.75,3734.0,77,3733.0,0.0,0,1,0,0
565,2020-12-28 23:51:51.933786+00:00,63,3732.75,3733.0,49,33,3732.5,3733.25,99,32,3732.25,3733.5,48,61,3732.0,3733.75,41,25,3731.75,3734.0,75,3733.0,0.0,0,1,0,0
566,2020-12-28 23:52:01.067051+00:00,64,3732.75,3733.0,48,32,3732.5,3733.25,98,31,3732.25,3733.5,48,61,3732.0,3733.75,41,25,3731.75,3734.0,75,3733.0,0.0,0,1,0,0
567,2020-12-28 23:52:05.396891+00:00,66,3732.75,3733.0,22,32,3732.5,3733.25,96,31,3732.25,3733.5,48,61,3732.0,3733.75,41,25,3731.75,3734.0,75,3733.0,0.0,0,1,0,0
568,2020-12-28 23:52:11.393568+00:00,65,3732.75,3733.0,23,32,3732.5,3733.25,96,31,3732.25,3733.5,48,58,3732.0,3733.75,41,25,3731.75,3734.0,75,3733.0,0.0,0,1,0,0
569,2020-12-28 23:52:16.114043+00:00,63,3732.75,3733.0,22,32,3732.5,3733.25,96,28,3732.25,3733.5,48,58,3732.0,3733.75,41,25,3731.75,3734.0,75,3733.0,0.0,0,1,0,0
570,2020-12-28 23:52:20.726295+00:00,62,3732.75,3733.0,14,32,3732.5,3733.25,96,28,3732.25,3733.5,48,61,3732.0,3733.75,41,25,3731.75,3734.0,75,3733.0,0.0,0,1,0,0
571,2020-12-28 23:52:26.833336+00:00,63,3732.75,3733.0,18,33,3732.5,3733.25,96,28,3732.25,3733.5,48,61,3732.0,3733.75,41,25,3731.75,3734.0,75,3733.0,0.0,0,1,0,0
572,2020-12-28 23:52:31.140964+00:00,65,3732.75,3733.0,25,32,3732.5,3733.25,97,28,3732.25,3733.5,48,65,3732.0,3733.75,41,25,3731.75,3734.0,75,3733.0,0.0,0,1,0,0
573,2020-12-28 23:52:34.227310+00:00,64,3732.75,3733.0,14,32,3732.5,3733.25,122,28,3732.25,3733.5,48,65,3732.0,3733.75,41,25,3731.75,3734.0,75,3733.0,0.0,0,1,0,0
574,2020-12-28 23:52:37.454924+00:00,67,3732.75,3733.0,14,32,3732.5,3733.25,122,28,3732.25,3733.5,48,65,3732.0,3733.75,41,25,3731.75,3734.0,75,3733.0,0.0,0,1,0,0
575,2020-12-28 23:52:40.257438+00:00,49,3732.75,3733.0,22,31,3732.5,3733.25,123,28,3732.25,3733.5,48,65,3732.0,3733.75,37,25,3731.75,3734.0,75,3733.0,0.0,0,1,0,0
576,2020-12-28 23:52:51.076040+00:00,47,3732.75,3733.0,20,30,3732.5,3733.25,124,28,3732.25,3733.5,48,65,3732.0,3733.75,37,25,3731.75,3734.0,75,3733.0,0.0,0,1,0,0
577,2020-12-28 23:53:03.795517+00:00,48,3732.75,3733.0,35,28,3732.5,3733.25,116,29,3732.25,3733.5,48,65,3732.0,3733.75,37,25,3731.75,3734.0,75,3733.0,0.0,0,1,0,0
578,2020-12-28 23:53:09.509621+00:00,47,3732.75,3733.0,36,28,3732.5,3733.25,116,31,3732.25,3733.5,48,65,3732.0,3733.75,37,25,3731.75,3734.0,75,3732.75,0.25,1,0,1,0
579,2020-12-28 23:53:09.579950+00:00,47,3732.75,3733.0,36,28,3732.5,3733.25,116,31,3732.25,3733.5,48,65,3732.0,3733.75,37,25,3731.75,3734.0,75,3732.75,0.0,0,1,0,0
580,2020-12-28 23:53:17.991524+00:00,46,3732.75,3733.0,38,28,3732.5,3733.25,116,30,3732.25,3733.5,48,66,3732.0,3733.75,37,25,3731.75,3734.0,75,3733.0,-0.25,-1,0,0,1
581,2020-12-28 23:53:18.920265+00:00,46,3732.75,3733.0,36,28,3732.5,3733.25,116,30,3732.25,3733.5,50,66,3732.0,3733.75,37,25,3731.75,3734.0,75,3733.0,0.0,0,1,0,0
582,2020-12-28 23:53:23.929866+00:00,51,3732.75,3733.0,30,28,3732.5,3733.25,116,30,3732.25,3733.5,50,66,3732.0,3733.75,37,25,3731.75,3734.0,75,3733.0,0.0,0,1,0,0
583,2020-12-28 23:53:31.541212+00:00,50,3732.75,3733.0,33,28,3732.5,3733.25,116,30,3732.25,3733.5,49,66,3732.0,3733.75,37,25,3731.75,3734.0,75,3733.0,0.0,0,1,0,0
584,2020-12-28 23:53:38.051817+00:00,52,3732.75,3733.0,34,28,3732.5,3733.25,116,30,3732.25,3733.5,49,66,3732.0,3733.75,37,25,3731.75,3734.0,75,3733.0,0.0,0,1,0,0
585,2020-12-28 23:53:43.761888+00:00,53,3732.75,3733.0,35,28,3732.5,3733.25,116,30,3732.25,3733.5,49,61,3732.0,3733.75,37,26,3731.75,3734.0,76,3732.75,0.25,1,0,1,0
586,2020-12-28 23:53:48.781615+00:00,52,3732.75,3733.0,34,29,3732.5,3733.25,116,30,3732.25,3733.5,49,61,3732.0,3733.75,37,26,3731.75,3734.0,76,3732.75,0.0,0,1,0,0
587,2020-12-28 23:53:58.085675+00:00,48,3732.75,3733.0,42,29,3732.5,3733.25,116,29,3732.25,3733.5,48,61,3732.0,3733.75,37,26,3731.75,3734.0,75,3732.75,0.0,0,1,0,0
588,2020-12-28 23:54:01.529697+00:00,11,3732.75,3733.0,41,32,3732.5,3733.25,116,28,3732.25,3733.5,49,61,3732.0,3733.75,39,26,3731.75,3734.0,74,3732.75,0.0,0,1,0,0
589,2020-12-28 23:54:05.297111+00:00,7,3732.75,3733.0,42,30,3732.5,3733.25,116,30,3732.25,3733.5,49,63,3732.0,3733.75,39,26,3731.75,3734.0,74,3732.75,0.0,0,1,0,0
590,2020-12-28 23:54:09.381595+00:00,5,3732.75,3733.0,43,31,3732.5,3733.25,115,30,3732.25,3733.5,48,63,3732.0,3733.75,40,26,3731.75,3734.0,74,3732.75,0.0,0,1,0,0
591,2020-12-28 23:54:17.618323+00:00,19,3732.75,3733.0,43,32,3732.5,3733.25,115,31,3732.25,3733.5,48,63,3732.0,3733.75,40,26,3731.75,3734.0,75,3732.75,0.0,0,1,0,0
592,2020-12-28 23:54:18.318880+00:00,19,3732.75,3733.0,43,32,3732.5,3733.25,115,31,3732.25,3733.5,48,63,3732.0,3733.75,40,26,3731.75,3734.0,75,3733.0,-0.25,-1,0,0,1
593,2020-12-28 23:54:22.027922+00:00,20,3732.75,3733.0,36,32,3732.5,3733.25,115,31,3732.25,3733.5,48,63,3732.0,3733.75,39,26,3731.75,3734.0,74,3733.0,0.0,0,1,0,0
594,2020-12-28 23:54:24.993863+00:00,15,3732.75,3733.0,38,32,3732.5,3733.25,115,32,3732.25,3733.5,48,59,3732.0,3733.75,39,26,3731.75,3734.0,74,3732.75,0.25,1,0,1,0
595,2020-12-28 23:54:27.017094+00:00,23,3732.75,3733.0,39,32,3732.5,3733.25,115,31,3732.25,3733.5,48,59,3732.0,3733.75,39,26,3731.75,3734.0,74,3732.75,0.0,0,1,0,0
596,2020-12-28 23:54:35.514142+00:00,15,3732.75,3733.0,43,32,3732.5,3733.25,116,32,3732.25,3733.5,49,58,3732.0,3733.75,40,26,3731.75,3734.0,74,3732.75,0.0,0,1,0,0
597,2020-12-28 23:54:38.951911+00:00,18,3732.75,3733.0,43,32,3732.5,3733.25,116,32,3732.25,3733.5,49,58,3732.0,3733.75,41,26,3731.75,3734.0,74,3733.0,-0.25,-1,0,0,1
598,2020-12-28 23:54:40.541310+00:00,19,3732.75,3733.0,41,32,3732.5,3733.25,116,32,3732.25,3733.5,49,58,3732.0,3733.75,42,26,3731.75,3734.0,74,3733.0,0.0,0,1,0,0
599,2020-12-28 23:54:43.462161+00:00,34,3732.75,3733.0,35,31,3732.5,3733.25,116,31,3732.25,3733.5,48,58,3732.0,3733.75,42,26,3731.75,3734.0,72,3733.0,0.0,0,1,0,0
600,2020-12-28 23:54:46.467402+00:00,39,3732.75,3733.0,41,31,3732.5,3733.25,116,31,3732.25,3733.5,50,58,3732.0,3733.75,40,26,3731.75,3734.0,72,3733.0,0.0,0,1,0,0
601,2020-12-28 23:54:49.433150+00:00,24,3732.75,3733.0,41,31,3732.5,3733.25,116,31,3732.25,3733.5,50,58,3732.0,3733.75,40,26,3731.75,3734.0,72,3732.75,0.25,1,0,1,0
602,2020-12-28 23:54:51.038091+00:00,40,3732.75,3733.0,40,31,3732.5,3733.25,116,31,3732.25,3733.5,50,57,3732.0,3733.75,40,26,3731.75,3734.0,72,3733.0,-0.25,-1,0,0,1
603,2020-12-28 23:54:51.374769+00:00,38,3732.75,3733.0,40,31,3732.5,3733.25,116,31,3732.25,3733.5,50,57,3732.0,3733.75,40,26,3731.75,3734.0,72,3733.0,0.0,0,1,0,0
604,2020-12-28 23:54:59.791156+00:00,51,3732.75,3733.0,32,31,3732.5,3733.25,116,31,3732.25,3733.5,50,57,3732.0,3733.75,40,26,3731.75,3734.0,72,3733.0,0.0,0,1,0,0
605,2020-12-28 23:55:05.761971+00:00,2,3733.0,3733.25,115,63,3732.75,3733.5,51,31,3732.5,3733.75,41,31,3732.25,3734.0,73,59,3732.0,3734.25,30,3733.25,-0.25,-1,0,0,1
606,2020-12-28 23:55:08.094343+00:00,40,3733.0,3733.25,90,51,3732.75,3733.5,51,34,3732.5,3733.75,39,30,3732.25,3734.0,73,56,3732.0,3734.25,29,3733.25,0.0,0,1,0,0
607,2020-12-28 23:55:12.850513+00:00,41,3733.0,3733.25,96,52,3732.75,3733.5,51,34,3732.5,3733.75,39,29,3732.25,3734.0,73,56,3732.0,3734.25,29,3733.25,0.0,0,1,0,0
608,2020-12-28 23:55:16.931213+00:00,57,3733.0,3733.25,101,47,3732.75,3733.5,51,34,3732.5,3733.75,39,25,3732.25,3734.0,73,56,3732.0,3734.25,29,3733.25,0.0,0,1,0,0
609,2020-12-28 23:55:20.707042+00:00,52,3733.0,3733.25,104,47,3732.75,3733.5,51,35,3732.5,3733.75,39,24,3732.25,3734.0,73,56,3732.0,3734.25,29,3733.25,0.0,0,1,0,0
610,2020-12-28 23:55:25.522928+00:00,48,3733.0,3733.25,77,52,3732.75,3733.5,51,34,3732.5,3733.75,39,24,3732.25,3734.0,73,56,3732.0,3734.25,29,3733.25,0.0,0,1,0,0
611,2020-12-28 23:55:31.856024+00:00,58,3733.0,3733.25,78,36,3732.75,3733.5,51,34,3732.5,3733.75,39,24,3732.25,3734.0,73,56,3732.0,3734.25,29,3733.25,0.0,0,1,0,0
612,2020-12-28 23:55:34.945965+00:00,57,3733.0,3733.25,67,43,3732.75,3733.5,51,34,3732.5,3733.75,39,24,3732.25,3734.0,73,56,3732.0,3734.25,29,3733.25,0.0,0,1,0,0
613,2020-12-28 23:55:38.344042+00:00,57,3733.0,3733.25,57,41,3732.75,3733.5,51,34,3732.5,3733.75,39,24,3732.25,3734.0,73,57,3732.0,3734.25,29,3733.0,0.25,1,0,1,0
614,2020-12-28 23:55:42.277028+00:00,53,3733.0,3733.25,46,41,3732.75,3733.5,51,32,3732.5,3733.75,39,24,3732.25,3734.0,73,57,3732.0,3734.25,29,3733.25,-0.25,-1,0,0,1
615,2020-12-28 23:55:42.376100+00:00,53,3733.0,3733.25,46,41,3732.75,3733.5,51,32,3732.5,3733.75,39,24,3732.25,3734.0,73,57,3732.0,3734.25,29,3733.0,0.25,1,0,1,0
